2112 2891
196 228 238 260 20
772 221 941 249 CORNELII
960 221 1077 248 TACITI
1100 221 1304 247 AGRJCOLAE
1326 224 1428 246 ⁴5*46
1923 223 2008 247 ABGT

196 310 352 351 iussitque
376 309 501 349 scelera,
525 318 589 339 non
614 306 782 347 spectavit:
814 304 984 346 praecipua
1008 303 1067 334 sub
1091 303 1278 335 Domitiano
1303 302 1502 334 miseriarum
1526 314 1599 344 pars
1623 305 1691 335 erat
1714 303 1821 335 videre
1845 306 1877 335 et
1900 303 2010 345 aspici,

195 367 266 387 cum
296 354 431 395 suspiria
459 354 567 384 nostra
596 350 884 389 subscriberentur,
912 359 984 380 cum
1013 347 1202 380 denotandis
1230 350 1280 380 tot
1307 347 1472 379 hominum
1501 348 1678 389 palloribus
1706 348 1868 380 sufficeret
1896 358 2008 380 saevus

195 401 248 431 ille
273 399 379 430 vultus
403 401 435 429 et
458 397 563 436 rubor,
588 395 635 437 [a]
660 406 723 436 quo
749 405 781 426 se
805 397 917 425 contra
940 393 1095 435 pudorem
1119 393 1289 424 muniebat.

305 443 354 474 Tu
382 453 455 473 vero
484 442 574 480 felix,
602 440 768 483 Agricola,
796 450 861 471 non
889 439 973 470 vitae
997 440 1122 470 tantum
1150 438 1307 478 claritate,
1332 437 1386 468 sed
1410 438 1506 469 etiam
1530 438 1771 479 opportunitate
1795 437 1918 469 mortis.
1963 436 2010 469 Ut

193 488 371 530 perhibent,
396 487 451 528 qui
475 485 646 517 interfuere
670 484 855 516 novissimis
880 482 1080 514 sermonibus
1100 483 1174 523 tuis,
1193 484 1343 514 constans
1363 483 1394 513 et
1413 481 1517 513 libens
1536 482 1637 514 fatum
1660 483 1823 524 excepisti,
1845 485 2009 524 tamquam
2037 493 2050 513 5

193 544 251 574 pro
280 532 362 564 virili
393 532 540 573 portione
570 530 784 562 innocentiam
814 528 953 570 principi
982 527 1125 559 donares.
1177 526 1240 558 Sed
1269 526 1349 558 mihi
1377 526 1525 568 filiaeque
1553 527 1622 558 eius
1650 529 1776 568 praeter
1804 526 2010 559 acerbitatem

194 578 333 619 parentis
363 576 462 617 erepti
486 577 582 617 auget
606 574 806 614 maestitiam,
831 573 917 614 quod
941 572 1083 603 adsidere
1108 572 1286 611 valitudini,
1315 571 1422 603 fovere
1446 571 1654 612 deficientem,
1678 572 1788 603 satiari
1811 572 1903 603 vultu
1927 582 2010 603 com-

194 623 352 663 plexuque
382 632 445 651 non
474 619 617 661 contigit.
665 619 910 659 Excepissemus
940 619 1024 649 certe
1052 617 1202 648 mandata
1230 627 1401 657 vocesque,
1429 627 1508 657 quas
1535 616 1664 658 penitus
1693 617 1800 648 animo
1831 617 2009 658 figeremus.

192 666 312 698 Noster
339 666 391 697 hic
419 665 522 705 dolor,
551 666 696 696 nostrum
726 663 855 703 vulnus,
882 662 977 693 nobis
1007 664 1072 693 tam
1104 661 1220 704 longae
1251 661 1412 692 absentiae
1444 660 1630 693 condicione
1661 663 1734 692 ante
1765 661 2009 702 quadriennium

193 711 327 743 amissus
361 712 415 741 est.
472 709 587 740 Omnia
620 709 688 740 sine
722 708 833 747 dubio,
867 707 987 748 optime
1021 709 1204 747 parentum,
1241 705 1405 737 adsidente
1439 706 1659 737 amantissima
1691 717 1790 737 uxore
1824 706 2009 748 superfuere
2024 718 2050 736 ιο

193 756 306 787 honori
335 761 405 795 tuo,
433 754 636 796 paucioribus
666 755 772 784 tamen
802 752 942 783 lacrimis
972 751 1190 792 comploratus
1222 762 1268 791 es,
1297 753 1328 781 et
1356 751 1531 782 novissima
1556 751 1588 782 in
1617 750 1687 782 luce
1711 750 1931 783 desideravere
1954 750 2008 782 ali—

193 800 270 842 quid
295 800 378 831 oculi
403 800 460 830 tui.

281 844 314 876 Si
346 845 416 886 quis
448 844 573 885 piorum
605 843 752 874 manibus
784 842 886 881 locus,
919 842 959 881 si,
990 842 1025 871 ut
1057 840 1256 882 sapientibus
1286 840 1403 881 placet,
1434 851 1497 872 nou
1530 850 1602 871 cum
1634 849 1766 882 corpore
1799 841 2010 883 extinguntur

193 900 325 931 magnae
349 889 486 928 animae,
510 888 631 929 placide
657 888 800 929 quiescas
825 897 960 927 nosque,
985 885 1114 917 domum
1141 887 1242 922 tuam,
1272 885 1311 917 ab
1341 885 1469 916 infirmo
1494 884 1651 916 desiderio
1676 887 1708 916 et
1731 885 1942 917 muliebribus
1965 884 2010 916 la-

192 934 306 965 mentis
337 934 375 965 ad
406 932 708 974 contemplationem
742 933 897 963 virtutum
930 932 1057 962 tuarum
1088 941 1195 969 voces,
1227 941 1305 970 quas
1335 940 1439 971 neque
1468 929 1572 972 lugeri
1602 940 1705 971 neque
1733 929 1842 973 plangi
1873 930 1920 961 fas
1951 931 2008 962 est.
2024 941 2049 961 ιε

193 978 410 1010 Admiratione
435 981 466 1009 te
490 978 597 1018 potius
621 980 652 1008 et
676 976 912 1008 immortalibus
936 975 1083 1006 laudibus
1108 978 1149 1015 et,
1173 976 1199 1006 si
1224 977 1338 1006 natura
1359 975 1552 1016 suppeditet,
1571 974 1782 1006 similitudine
1802 974 1958 1006 colamus:
1981 975 2008 1007 is

194 1034 284 1055 verus
309 1023 419 1062 honos,
444 1034 479 1053 ea
503 1022 754 1053 coniunctissimi
781 1021 933 1061 cuiusque
958 1020 1069 1061 pietas.
1108 1019 1143 1051 Id
1163 1019 1248 1051 filiae
1269 1030 1395 1061 quoque
1415 1020 1572 1061 uxorique
1590 1020 1815 1061 praeceperim,
1835 1019 1881 1051 sic
1899 1020 2008 1062 patrie,

192 1068 237 1099 sic
267 1069 371 1099 mariti
404 1067 588 1099 memoriam
621 1066 777 1105 venerari,
807 1068 843 1096 ut
874 1065 982 1096 omnia
1013 1065 1097 1096 faeta
1125 1065 1273 1106 dictaque
1307 1065 1375 1096 eius
1409 1074 1516 1095 secum
1550 1064 1715 1096 revolvant
1742 1065 1943 1106 formamque
1971 1075 2008 1096 ac

192 1113 325 1154 figuram
351 1112 447 1144 animi
474 1113 574 1153 magis
600 1122 695 1152 quam
719 1110 862 1151 corporis
887 1109 1156 1151 complectantur,
1185 1120 1248 1140 non
1278 1110 1353 1150 quia
1383 1109 1641 1141 intercedendum
1666 1110 1776 1150 putem
1801 1109 2008 1152 imaginibus,

191 1168 270 1198 quae
300 1168 457 1188 marmore
485 1160 540 1187 aut
568 1167 638 1187 aere
666 1156 846 1197 finguntur,
876 1154 929 1186 sed
958 1157 994 1185 ut
1024 1155 1133 1186 vultus
1163 1154 1343 1193 hominum,
1372 1154 1418 1185 ita
1446 1154 1617 1186 simulacra
1646 1153 1754 1185 vultus
1783 1153 1944 1186 imbecilla
1971 1164 2048 1185 aczo

192 1201 336 1233 mortalia
365 1204 453 1242 sunt,
481 1202 583 1232 forma
615 1201 730 1232 mentis
760 1202 902 1239 aeterna,
931 1210 1025 1240 quam
1054 1201 1163 1231 tenere
1193 1201 1225 1230 et
1253 1200 1431 1240 exprimere
1455 1210 1520 1230 non
1544 1210 1601 1241 per
1623 1198 1759 1230 alienam
1785 1198 1950 1230 materiam
1975 1200 2008 1230 et

190 1248 303 1285 artem,
332 1247 386 1278 sed
414 1247 477 1278 tuis
506 1246 574 1287 ipse
598 1245 740 1277 moribus
766 1245 877 1286 possis
925 1244 1087 1285 Quidquid
1111 1255 1149 1276 ex
1174 1243 1328 1286 Agricola
1351 1245 1541 1283 amavimus,
1568 1243 1725 1285 quidquid
1751 1243 1857 1275 mirati
1885 1253 2006 1284 sumus,

190 1294 297 1322 manet
326 1301 572 1332 mansurumque
601 1293 649 1321 est
678 1291 708 1321 in
739 1290 853 1320 animis
884 1288 1064 1330 hominum,
1094 1289 1126 1320 in
1155 1288 1346 1320 aeternitate
1374 1291 1570 1330 temporum,
1594 1289 1629 1320 in
1652 1288 1737 1320 fama
1760 1297 1874 1320 rerum.
1921 1286 2005 1320 Nam

189 1335 306 1367 multos
341 1336 437 1367 veluti
472 1335 625 1376 inglorios
659 1337 690 1366 et
723 1333 881 1376 ignobiles
915 1333 1036 1365 oblivio
1070 1333 1198 1373 obruet,
1228 1332 1379 1375 Agricola
1412 1333 1592 1374 posteritati
1622 1334 1771 1365 narratus
1804 1335 1836 1364 et
1868 1332 2006 1365 traditus

190 1383 349 1421 superstes
375 1381 441 1411 erit.
2019 1388 2046 1409 ιε

296 1480 310 1502 3
326 1477 367 1512 [a]
381 1477 429 1504 del.
443 1477 557 1511 Lipsius
613 1480 626 1502 '2
642 1476 722 1511 felix]
739 1476 822 1502 foelix
834 1478 863 1508 A,
879 1475 946 1511 felix
961 1477 980 1501 B
1036 1475 1180 1511 Agricola]
1196 1476 1223 1502 in
1240 1478 1262 1501 A
1276 1484 1412 1509 suprascr.
1428 1484 1444 1501 ο
1500 1475 1585 1510 vitae]
1601 1475 1690 1511 uitato
1706 1477 1726 1501 G
1781 1475 1992 1510 opportunitate

190 1513 378 1547 oportunitate
399 1515 461 1539 BGT
547 1516 562 1538 ὅ
583 1512 731 1547 perhibent
751 1512 931 1539 Puteolanus:
952 1511 1132 1546 perhiberent
1152 1513 1238 1537 ABGT
1311 1510 1474 1546 interfuere]
1493 1510 1680 1538 interfuerunt
1698 1513 1741 1537 AB
1829 1513 1844 1537 6
1865 1511 1991 1546 portione

189 1549 314 1582 portione
333 1551 353 1574 Β
409 1552 422 1574 7
443 1548 626 1584 maestitiam]
645 1547 803 1575 moestitiae
823 1551 867 1574 AG
923 1547 1052 1574 adsidere
1071 1550 1124 1574 T?:
1145 1547 1268 1574 assidere
1287 1549 1353 1573 ABG
1407 1546 1568 1582 valitudini]
1589 1547 1744 1574 ualetudini
1765 1550 1786 1572 G
1841 1549 1857 1573 8
1872 1547 1992 1582 contigit

189 1584 326 1619 contingit
340 1588 358 1610 T
414 1585 634 1619 Excepissemus
652 1584 786 1611 Pichena:
809 1584 986 1618 Excepissem
1006 1585 1092 1609 ABGT
1148 1582 1306 1618 figeremus]
1325 1584 1355 1610 in
1374 1585 1396 1609 A
1416 1583 1491 1610 intra
1510 1591 1610 1615 versus,
1630 1584 1659 1609 in
1680 1586 1725 1609 GT
1744 1584 1773 1609 in
1793 1583 1916 1618 margine
1935 1591 2002 1610 aser.

189 1638 364 1671 pingeremus
443 1642 457 1664 9
477 1638 570 1674 nobis]
589 1646 640 1665 om.
655 1640 707 1670 AB,
727 1638 772 1664 sed
791 1639 819 1664 in
841 1640 862 1663 A
881 1639 957 1664 intra
978 1646 1069 1664 ver-‘ms
1087 1637 1150 1664 add.
1229 1637 1299 1673 tam]
1320 1625 1377 1663 tum
1399 1640 1428 1669 G,
1448 1639 1478 1664 in
1497 1639 1519 1663 A
1538 1638 1605 1670 tam,
1624 1637 1670 1664 sed
1688 1638 1717 1663 in
1738 1638 1862 1672 margine
1880 1645 1949 1664 ascr.
1965 1636 2005 1663 A}

189 1693 247 1717 tum
306 1691 417 1727 longae]
437 1680 520 1726 longe
536 1695 564 1723 G,
584 1680 669 1725 longa
688 1694 718 1723 Δ,
738 1700 786 1727 ῃτς
806 1694 825 1717 Β
881 1691 1044 1718 condicione
1059 1694 1113 1717 T?:
1134 1690 1293 1718 conditione
1308 1693 1374 1716 ABG
1444 1694 1476 1717 10
1495 1691 1642 1717 adsidente
1656 1693 1708 1717 T?:
1729 1690 1870 1717 assidente
1884 1692 1950 1716 ABG

192 1730 220 1753 11
241 1727 346 1762 tamen]
365 1730 395 1753 tsi
415 1730 435 1753 G
507 1727 642 1762 lacrimis]
662 1727 812 1761 lachrymis
832 1730 851 1753 B
930 1726 1131 1762 comploratus]
1151 1728 1179 1752 in
1200 1729 1245 1752 AG
1264 1727 1327 1753 add.
1344 1727 1373 1752 in
1394 1728 1516 1762 maryine
1537 1726 1708 1761 compositus
1796 1725 2002 1762 desideravere]

189 1763 388 1795 desyderauere
407 1766 429 1788 A
503 1767 535 1789 13
554 1763 676 1798 piorum]
696 1763 820 1797 priorum
839 1767 866 1795 T,
886 1763 932 1790 sed
950 1772 963 1789 r
983 1772 1000 1789 α
1018 1764 1186 1789 rubricatore
1204 1763 1254 1789 del.
1331 1766 1361 1788 14
1382 1762 1508 1798 domum]
1528 1762 1632 1789 domun
1651 1764 1672 1788 G
1750 1762 1900 1798 desiderio]
1923 1761 2002 1796 desy—

189 1797 264 1824 derio
285 1801 306 1824 A
378 1799 570 1834 muliebribus]
590 1799 753 1825 mulieribus
773 1801 792 1825 B
867 1803 898 1825 15
919 1798 1195 1833 contemplationem]
1216 1798 1482 1832 contemplacionem
1501 1801 1531 1830 Δ,
1552 1797 1788 1831 conteplationem
1808 1800 1828 1824 G
1900 1798 2001 1833 neque]

190 1842 238 1860 nec
253 1835 272 1859 B
327 1835 427 1869 neque]
442 1843 493 1861 nec
507 1837 526 1860 Β
583 1838 614 1861 16
630 1835 670 1870 te]
685 1836 718 1861 ab
734 1836 771 1861 in.
788 1844 837 1861 om.
854 1837 929 1862 intra
943 1843 1035 1862 versus
1049 1835 1112 1861 add.
1129 1836 1149 1860 G
1206 1835 1234 1860 et
1248 1834 1454 1860 immortalibus
1469 1835 1628 1861 Acidalius:
1648 1833 1851 1868 temporalibus
1866 1835 1918 1866 AB,
1933 1835 2000 1860 tem-

189 1869 330 1903 poralibus
350 1872 377 1896 et
393 1873 442 1902 GT,
462 1872 491 1897 in
507 1873 527 1895 G
543 1871 606 1897 add.
624 1872 651 1896 in
669 1872 791 1905 maryine
810 1871 983 1905 temporibus
1062 1869 1249 1897 similitudine
1271 1870 1396 1897 Grotius:
1417 1870 1540 1897 militum
1555 1872 1628 1903 Aer,
1648 1869 1768 1896 multum
1784 1871 1804 1895 Β
1878 1868 2002 1896 colamus

190 1906 328 1932 Muretus:
350 1905 511 1932 decoramus
531 1909 616 1932 ABGT
709 1909 740 1932 17
761 1906 847 1933 honos
868 1909 943 1933 ABT:
964 1906 1051 1933 honor
1072 1909 1092 1931 G
1185 1908 1217 1932 18
1237 1905 1424 1942 formamque]
1449 1906 1610 1939 famamque
1629 1907 1695 1931 ABG
1786 1907 1819 1931 20
1839 1903 2001 1940 simulacra]

189 1939 356 1967 simulachra
375 1943 394 1966 B
467 1941 620 1976 imbecilla]
640 1941 792 1968 imbecillia
812 1944 831 1968 Β
918 1945 951 1968 22
971 1942 1040 1977 tuis]
1060 1944 1091 1974 ut
1110 1942 1166 1968 tuis
1187 1944 1207 1966 G
1280 1942 1436 1977 Quidquid]
1457 1941 1595 1975 Quicquid
1615 1942 1681 1967 ABG
1753 1940 1903 1976 quidquid]
1924 1940 2001 1974 quic-

189 1976 256 2009 quid
276 1979 340 2002 ABG
430 1980 463 2003 23
488 1979 523 2004 in
543 1979 606 2004 aad.
622 1978 754 2004 Halmius
845 1981 877 2004 24
903 1977 1005 2004 multos
1029 1980 1053 2003 Η
1073 1982 1134 2004 teste
1154 1978 1324 2004 Decembrio:
1345 1977 1448 2004 multos
1468 1980 1594 2004 ueterum
1614 1979 1700 2003 ABGT
1790 1976 1876 2003 veluti
1895 1979 1921 2002 11
1939 1979 2002 2004 teste

190 2039 357 2066 Decembrio:
378 2039 454 2066 uelut
473 2042 558 2066 ABGT
649 2040 787 2074 ignobiles
808 2043 832 2066 Η
851 2045 913 2068 teste
933 2041 1090 2068 Decembrio
1109 2043 1139 2066 B:
1162 2040 1170 2066 i
1193 2020 1294 2067 nobilis
1314 2043 1349 2080 A,
1374 2040 1506 2075 ignobilis
1531 2043 1594 2067 GT?
1685 2038 1856 2066 CORNELII
1881 2035 2001 2065 TACITI

190 2074 235 2100 DE
256 2074 339 2101 VITA
360 2075 405 2101 ET
425 2075 584 2102 MORIBVS
604 2076 688 2102 IVLII
709 2075 913 2103 AGRICOLAE
934 2076 1041 2103 LIBER
1061 2076 1166 2102 EXPLI
1187 2076 1225 2102 lT
1245 2079 1278 2108 G,
1299 2076 1375 2102 Finis
1394 2079 1422 2108 T,
1444 2077 1530 2103 Τελοσ
1548 2078 1581 2108 Β,
1601 2077 1777 2110 inscriptione
1796 2078 1870 2102 caret
1887 2077 1909 2100 A
