2112 2891
195 236 230 267 18
763 232 931 259 CORNELII
951 232 1070 259 TACITI
1090 231 1294 258 AGRICOLAE
1314 234 1419 258 40-‘42
1792 235 1878 259 Παῦε
1891 233 1900 267 11
1914 234 1999 259 ABGT

191 319 318 359 insuper
346 318 540 358 opinionem,
570 316 693 356 Syriam
724 314 920 356 provinciam
948 314 1116 357 Agricolae
1145 314 1296 346 destinari
1326 325 1456 346 vacuam
1487 317 1554 345 tum
1584 317 1686 345 morte
1710 313 1804 346 Atilii
1828 314 1901 346 Rufi
1927 325 1999 346 con-

190 363 302 394 sularis
322 364 354 393 et
373 362 545 393 maioribus
570 362 768 391 reservatam.
809 359 976 390 Credidere
999 359 1144 400 plerique
1167 358 1318 390 libertum
1344 370 1382 390 ex
1407 358 1630 390 secretioribus
1655 359 1841 391 ministeriis
1865 359 1998 391 missum
2022 360 2031 401 Η

189 407 228 439 ad
252 407 435 449 Agricolam
461 405 632 445 codicillos,
657 405 772 446 quibus
801 405 829 435 ei
854 403 947 445 Syria
976 403 1118 444 dabatur,
1148 403 1260 435 tulisse
1291 414 1362 435 cum
1390 414 1426 435 eo
1450 406 1630 445 praecepte,
1661 405 1705 445 ut,
1732 404 1758 435 si
1784 404 1817 435 in
1842 404 2001 436 Brittania

189 453 281 483 ctiam
305 452 396 492 foret,
419 451 625 490 traderentur,
650 460 785 490 eumque
809 449 958 480 libertum
984 449 1017 480 in
1042 449 1111 489 ipso
1141 448 1222 480 freto
1254 447 1371 479 Oceani
1405 448 1537 480 obvium
1571 448 1739 490 Agricolae
1768 460 1808 480 ne
1838 450 1999 490 appellato

190 497 316 538 quidem
341 508 377 527 eo
402 496 440 527 ad
464 494 683 526 Domitianum
710 504 878 534 remeasse,
903 494 969 524 sive
993 504 1102 524 verum
1128 493 1213 524 istud
1238 494 1304 524 sive
1329 504 1365 524 ex
1391 493 1520 535 ingenio
1544 492 1699 534 principis
1721 493 1831 524 fictum
1856 504 1892 525 ac
1916 504 1999 525 com·
2029 507 2039 526 ει

188 541 328 582 positum
353 543 407 571 est.

299 585 484 616 Tradiderat
508 584 634 615 interim
659 582 811 626 Agricola
836 583 1009 614 successori
1035 593 1093 614 suo
1118 583 1315 624 provinciam
1341 582 1482 623 quietam
1507 584 1674 623 tutamque
1703 593 1751 623 ac,
1779 593 1819 614 ne
1846 583 2000 615 notabilis

191 630 371 661 celebritate
400 632 431 660 et
458 629 637 669 frequentia
666 628 899 659 occurrentium
928 627 1079 659 introitus
1108 630 1204 667 esset,
1232 627 1334 658 vitato
1364 628 1538 658 amicorum
1569 627 1676 658 officio
1701 629 1797 658 noctu
1822 628 1854 658 in
1878 627 2000 668 urbem,

190 677 284 706 noctu
313 675 345 706 in
374 674 546 714 Palatium,
577 674 622 704 ita
652 676 687 704 ut
717 675 922 714 praeceptum
951 675 1033 712 erat,
1064 672 1151 703 venit
1180 675 1397 713 exceptusque
1426 672 1514 703 brevi
1543 671 1652 704 osculo
1682 674 1713 703 et
1740 673 1830 703 nullo
1855 683 2000 704 sermone

190 720 301 751 turbae
325 719 529 750 servientium
554 718 719 749 immixtus
744 720 799 748 est.
838 717 985 748 Ceterum
1012 717 1058 748 uti
1083 717 1222 748 militare
1246 728 1372 757 nomen,
1396 728 1492 759 grave
1516 716 1600 748 inter
1624 717 1755 757 otiosos,
1779 717 1850 748 aliis
1875 717 2000 749 virtuti·
2016 732 2040 750 10

190 764 248 795 bus
273 766 470 804 temperaret,
494 763 760 803 tranquillitatem
786 765 881 803 atque
906 761 1007 793 otium
1032 762 1160 802 penitus
1184 762 1306 802 hausit,
1331 761 1419 793 cultu
1443 761 1600 802 modicus,
1625 772 1771 793 sermone
1794 761 1912 803 facilis,
1936 773 1999 793 uno

191 811 245 840 aut
268 809 366 839 altero
391 808 564 839 amicorum
590 807 772 847 comitatus,
796 807 874 838 adeo
899 809 935 837 ut
958 807 1111 847 plerique,
1133 807 1249 847 quibus
1269 817 1403 848 magnos
1423 806 1507 838 viros
1527 817 1584 848 per
1603 806 1810 838 ambitionem
1832 807 2000 838 aestimare

191 864 257 885 mos
282 856 338 894 est,
365 854 429 884 viso
454 854 645 894 aspectoque
669 852 820 893 Agricola
845 854 1032 892 quaererent
1056 852 1182 892 famam,
1207 853 1299 893 pauci
1324 852 1617 892 interpretarentur.

138 901 171 927 41
300 897 416 929 Crebro
441 909 497 938 per
520 908 572 928 eos
598 897 663 928 dies
688 897 772 938 apud
792 896 1011 928 Domitianum
1037 896 1151 927 absens
1175 898 1351 936 accusatus,
1375 896 1489 927 absens
1514 895 1679 927 absolutus
1704 898 1759 927 est.
1794 895 1896 928 Causa
1919 897 2000 937 peri-

191 943 252 974 culi
280 953 343 974 non
372 943 491 974 crimen
519 943 620 973 ullum
650 944 705 973 aut
734 941 862 983 querela
891 941 967 972 laesi
998 941 1200 982 cuiusquam,
1226 941 1279 972 sed
1304 942 1446 973 infensus
1471 940 1644 972 virtutibus
1669 940 1816 982 princeps
1841 943 1873 972 et
1896 941 2000 982 gloria
2015 955 2040 974 ιε.

190 987 248 1019 viri
273 998 317 1025 ac,
341 987 512 1028 pessimum
540 986 740 1017 inimicorum
766 997 875 1028 genus,
899 985 1072 1018 laudantes.
1111 986 1155 1017 Et
1179 997 1215 1017 ea
1240 987 1381 1017 insecuta
1405 988 1480 1017 sunt
1504 985 1548 1016 rei
1573 985 1720 1027 publicae
1740 988 1894 1028 tempora,
1919 997 2000 1027 quae

191 1032 274 1063 sileri
304 1031 486 1073 Agricolam
517 1042 580 1062 non
612 1031 765 1062 sinerent:
798 1034 847 1062 tot
881 1031 1037 1062 exercitus
1080 1031 1111 1061 in
1148 1030 1270 1062 Moesia
1300 1030 1461 1072 Daciaque
1494 1032 1525 1061 et
1560 1030 1729 1062 Germania
1767 1032 1798 1062 et
1833 1029 2000 1062 Pannonia

190 1077 366 1108 temeritate
390 1078 445 1107 aut
469 1087 523 1117 per
549 1076 707 1117 ignaviam
733 1076 847 1107 ducum
874 1075 997 1116 amissi,
1022 1078 1070 1106 tot
1095 1075 1249 1107 militares
1275 1075 1332 1106 viri
1361 1086 1432 1107 cuin
1458 1075 1535 1106 totis
1561 1075 1745 1107 cohortibus
1771 1076 1945 1117 expugnati
1969 1077 2000 1106 et

191 1121 286 1162 capti,
314 1132 371 1152 nec
400 1121 461 1152 iam
491 1121 528 1151 de
556 1121 659 1152 limite
689 1121 813 1162 imperii
843 1123 873 1151 et
903 1120 985 1161 ripa,
1015 1120 1068 1151 sed
1099 1120 1136 1151 de
1165 1120 1307 1151 hibernis
1336 1120 1498 1162 legionum
1525 1122 1556 1150 et
1580 1119 1781 1161 possessione
1809 1120 1999 1151 dubitatum.

190 1165 239 1197 Ita
267 1177 336 1197 cum
367 1166 480 1196 damna
509 1166 631 1196 damnis
661 1167 923 1197 continuarentur
951 1168 1047 1206 atquc
1075 1165 1179 1196 omnis
1209 1176 1310 1197 annus
1339 1165 1508 1196 funeribus
1540 1166 1571 1195 et
1604 1164 1748 1196 cladibus
1782 1164 1999 1206 insigniretur,
2015 1179 2040 1198 ευ

189 1210 377 1251 poscebatur
401 1221 454 1242 ore
480 1210 564 1252 vulgi
596 1211 659 1241 dux
687 1210 840 1253 Agricola
874 1210 1134 1251 comparantibus
1164 1210 1287 1241 cunctis
1315 1210 1458 1251 vigorem
1484 1211 1515 1241 et
1539 1209 1752 1241 constantiam
1778 1212 1809 1241 et
1832 1211 1999 1251 expertum

190 1256 280 1286 bellis
304 1256 443 1286 animum
469 1266 539 1287 cum
571 1255 684 1286 inertia
712 1258 743 1286 et
771 1255 941 1286 formidine
970 1258 999 1285 et
1022 1258 1140 1295 torpore
1163 1265 1332 1287 caesorum.
1384 1254 1507 1292 Quibus
1540 1254 1740 1286 sermonibus
1769 1255 1847 1286 satis
1876 1256 2001 1286 constat

192 1300 365 1331 Domitiani
403 1311 527 1341 quoque
565 1311 656 1330 aures
697 1300 887 1340 verberatas,
926 1300 1000 1330 dum
1035 1300 1175 1340 optimus
1214 1300 1349 1341 quisque
1386 1299 1572 1331 libertorum
1611 1310 1718 1330 amore
1756 1301 1787 1330 et
1824 1299 1895 1340 fide,
1931 1310 1998 1341 pes-

190 1345 260 1375 simi
286 1345 484 1387 malignitate
509 1347 539 1375 et
564 1344 662 1375 livore
686 1356 821 1386 pronum
848 1344 1058 1375 deterioribus
1082 1345 1259 1386 principem
1285 1344 1526 1376 extimulabant.
1574 1343 1626 1374 Sic
1646 1343 1799 1386 Agricola
1819 1343 1914 1375 simul
1934 1343 2000 1375 suis

191 1389 370 1428 virtutibus,
394 1389 488 1420 simul
512 1389 598 1420 vitiis
623 1389 756 1421 aliorum
784 1390 816 1420 in
841 1389 940 1430 ipsam
968 1389 1102 1431 gloriam
1128 1400 1279 1430 praeceps
1303 1389 1465 1431 agebatur.
2015 1403 2040 1422 25

138 1435 174 1462 42
300 1433 419 1464 Aderat
443 1435 504 1465 iam
529 1445 640 1474 annus,
665 1446 727 1475 quo
752 1433 1013 1476 proconsulatum
1040 1433 1166 1465 Africae
1191 1437 1223 1464 et
1247 1434 1342 1465 Asiae
1367 1435 1544 1474 sortiretur,
1572 1436 1603 1465 et
1632 1434 1736 1466 occiso
1762 1433 1870 1465 Civica
1897 1443 2000 1475 nuper

190 1489 247 1510 nec
271 1478 439 1520 Agricolae
463 1478 629 1510 consilium
656 1479 762 1510 ‹leerat
785 1490 842 1510 nec
867 1479 1053 1510 Domitiano
1079 1480 1275 1520 exemplum:
1306 1490 1465 1511 accessere
1494 1479 1622 1519 quidam
1654 1479 1887 1521 cogitationum
1916 1478 1999 1520 prin-

191 1523 270 1564 cipis
294 1523 396 1564 periti,
421 1523 484 1564 qui,
509 1524 652 1555 iturusne
677 1526 759 1555 esset
781 1524 813 1555 in
833 1523 1040 1565 provinciam,
1061 1525 1144 1555 ultro
1166 1524 1350 1565 Agricolam
1372 1525 1614 1566 interrogarent.
1653 1523 1698 1554 Ac
1719 1523 1823 1564 primo
1844 1522 1999 1554 occultius

191 1568 327 1608 quietem
353 1570 383 1599 et
408 1569 508 1599 otium
532 1568 674 1608 laudare,
698 1580 771 1599 mox
797 1580 924 1610 operam
951 1580 1039 1600 suam
1066 1568 1097 1599 iu
1122 1568 1329 1610 approbanda
1352 1569 1557 1600 excusatione
1586 1568 1713 1609 offerre,
1743 1570 1906 1610 postremo
1935 1578 2000 1599 non

191 1613 250 1643 iam
277 1612 401 1643 obscuri
427 1613 593 1644 suadentes
617 1614 712 1645 simul
738 1616 954 1655 terrentesque
980 1616 1162 1654 pertraxere
1187 1613 1225 1644 ad
1250 1613 1480 1645 Domitianum.
1529 1612 1600 1654 Qui,
1625 1615 1756 1654 paratus
1786 1613 2000 1653 simulatione,
2015 1627 2040 1646 so

191 1658 223 1688 in
246 1658 458 1699 arrogantiam
484 1659 680 1699 compositus
705 1662 736 1689 et
760 1659 881 1689 audivit
906 1669 1015 1699 preces
1040 1659 1220 1689 excusantis
1246 1661 1286 1699 et,
1310 1670 1382 1690 cum
1402 1659 1576 1699 annuisset,
1595 1658 1646 1700 agi
1668 1658 1729 1690 sibi
1749 1659 1868 1700 gratias
1888 1668 2000 1699 passus

192 1704 239 1732 est
262 1712 318 1733 nec
343 1702 469 1733 erubuit
493 1702 637 1734 beneficii
664 1704 788 1734 invidia.
837 1703 994 1734 Salarium
1026 1705 1131 1734 tamen
1162 1703 1388 1745 proconsulare
1417 1703 1546 1734 solitum
1578 1703 1685 1734 offerri
1710 1704 1741 1734 et
1765 1702 1959 1744 quibusdam
1983 1713 2001 1733 a

192 1757 223 1777 se
248 1747 315 1787 ipso
340 1757 521 1778 concessum
548 1747 716 1789 Agricolae
741 1759 805 1779 uon
829 1748 915 1779 dedit
939 1749 1005 1779 sive
1030 1748 1170 1779 offensus
1199 1759 1261 1779 non
1291 1748 1428 1789 petitum
1453 1748 1520 1779 sive
1547 1759 1585 1779 ex
1609 1748 1812 1788 conscientia,
1843 1757 1890 1788 ne,
1915 1746 2000 1788 quod

191 1793 340 1831 vetuerat,
365 1792 522 1823 videretur
546 1793 668 1823 emisse.
716 1792 884 1833 Proprium
913 1792 1043 1824 humani
1075 1792 1195 1835 ingenii
1220 1794 1267 1823 est
1291 1793 1408 1833 odisse,
1433 1804 1527 1834 quem
1552 1793 1694 1824 laeseris:
1724 1792 1901 1823 Domitiani
1925 1801 2000 1823 vero

190 1837 303 1867 natura
330 1846 481 1878 praeceps
510 1837 542 1867 in
570 1838 649 1868 iram
679 1840 723 1878 et,
752 1848 815 1878 quo
841 1837 1019 1878 obscurior,
1048 1848 1085 1868 eo
1115 1837 1359 1869 inrevocabilior
1387 1837 1605 1869 moderatione
1634 1840 1740 1869 tamen
1769 1836 2001 1878 prudentiaque
2015 1851 2040 1870 ⁸5

190 1880 359 1922 Agricolae
382 1881 567 1921 leniebatur,
594 1883 669 1922 quia
693 1893 756 1913 non
781 1882 981 1913 coutumacia
1005 1893 1108 1923 neque
1128 1882 1213 1913 inani
1235 1883 1406 1914 iactatione
1427 1883 1586 1913 libertatis
1606 1882 1724 1913 famam
1744 1882 1911 1923 fatumque
1930 1891 2002 1923 pro-

191 1925 331 1956 vocabat.
379 1925 495 1964 Sciant,
520 1926 635 1967 quibus
660 1927 772 1959 illicita
796 1928 904 1958 mirari
929 1929 1027 1958 moris
1048 1930 1104 1968 est,
1123 1938 1217 1968 posse
1237 1929 1332 1959 etiam
1353 1927 1412 1959 sub
1432 1927 1524 1959 malis
1544 1926 1743 1968 principibus
1762 1937 1895 1969 magnos
1915 1926 2001 1958 viros

299 2052 310 2073 1
332 2049 511 2084 provinciam]
537 2050 706 2084 prouintiam
727 2053 750 2075 Η
831 2051 922 2086 Atilii]
943 2051 1028 2085 atilli]
1049 2053 1099 2082 Ht,
1119 2051 1164 2076 sed
1185 2052 1211 2077 in
1233 2054 1257 2076 Η
1272 2052 1355 2085 prius
1374 2051 1383 2076 l
1403 2052 1462 2081 del..
1483 2050 1551 2077 Atili
1571 2061 1599 2083 a,
1620 2050 1715 2084 Actilij
1736 2053 1751 2075 b
1839 2054 1853 2076 2
1873 2050 2001 2085 missum]

191 2084 239 2109 hoc
258 2083 333 2110 verbo
352 2084 451 2111 desim}
469 2088 492 2110 Η
583 2089 598 2111 3
618 2087 654 2121 ei]
679 2087 718 2112 eis
738 2089 757 2111 B
839 2087 883 2122 eo]
908 2096 957 2112 om.
974 2089 1020 2112 AB
1093 2087 1121 2112 in
1143 2086 1286 2112 Britannia
1305 2088 1405 2113 etiam
1422 2087 1566 2113 Halmius:
1586 2086 1615 2112 in
1634 2086 1808 2112 Britanniam
1826 2088 1912 2112 ABGT
2023 2086 2033 2122 Η

192 2122 207 2143 4
232 2118 345 2154 Oceani]
369 2121 481 2146 occeani
501 2124 520 2146 G
611 2124 625 2147 9
650 2124 842 2157 praeceptum]
866 2124 1053 2157 pretemptum
1078 2124 1106 2153 Β,
1132 2123 1159 2148 in
1185 2125 1206 2147 A
1231 2123 1295 2148 ‹1ch.
1316 2124 1343 2148 in
1367 2124 1489 2157 margine
1508 2122 1545 2148 Vt
1568 2130 1622 2148 nuc
1641 2122 1773 2156 Princeps
1797 2123 1852 2156 quo
1871 2121 1913 2147 vir

194 2157 224 2180 10
244 2154 353 2190 turbae]
374 2164 422 2181 om⁴
438 2158 457 2181 Β
525 2157 640 2192 otiosos]
661 2158 766 2184 ociosos
787 2161 807 2183 G
882 2162 911 2184 11
933 2159 1033 2192 otium]
1053 2158 1144 2184 ocium
1166 2161 1185 2183 G
1255 2158 1349 2184 hausit
1370 2159 1493 2185 IVcwins:
1515 2159 1592 2184 auxit
1611 2160 1697 2183 ABGT
1773 2160 1804 2183 13
1824 2158 1999 2193 quaererent]

192 2193 337 2223 quererent
356 2193 398 2216 AB
448 2192 563 2227 famam]
583 2193 677 2219 famau
697 2196 716 2218 G
771 2193 1031 2228 interpretarentur]
1052 2194 1321 2227 iuter-praetereatur
1341 2196 1383 2219 BG
1441 2197 1471 2219 17
1489 2194 1605 2229 Moesia]
1626 2194 1714 2220 Mesia
1733 2197 1760 2225 Τ,
1780 2193 1863 2219 Misia
1882 2195 1925 2218 AB

192 2225 343 2265 Pannonia]
362 2229 500 2260 pannonia
519 2231 540 2254 A
637 2233 668 2255 11⁴
687 2229 766 2264 totis]
785 2231 828 2255 tut
847 2232 898 2261 AB,
918 2232 946 2255 in
969 2232 989 2254 G
1008 2230 1071 2255 add.
1087 2231 1116 2255 -ίη
1139 2231 1259 2264 nmryioze
1278 2231 1321 2256 tot
1422 2233 1452 2255 19
1474 2230 1609 2264 hibernis]
1629 2229 1760 2263 hybernis
1780 2232 1802 2254 A
1892 2237 2000 2262 posses-

193 2262 279 2296 sione]
298 2263 500 2296 possessionum
520 2266 538 2289 B
621 2268 654 2290 ‘20
674 2265 794 2299 damnis]
815 2265 913 2291 dannis
933 2268 952 2290 B
1036 2269 1065 2291 21
1088 2266 1116 2290 et
1136 2265 1332 2299 constantiam]
1353 2274 1401 2291 om.
1419 2267 1447 2291 et
1466 2268 1530 2291 AGT
1611 2268 1643 2291 22
1664 2265 1777 2299 inertia]
1797 2264 1902 2290 inercia
1921 2267 1951 2297 A,
1970 2265 2001 2290 ‘in

192 2299 314 2331 maryine
332 2299 394 2324 add.
411 2298 450 2324 Αῒ
469 2300 556 2334 inecie
576 2300 597 2325 <x-
617 2301 769 2333 formidini,
789 2302 848 2327 item
870 2304 890 2326 G
911 2303 937 2327 in
960 2303 1082 2335 maryim‘
1100 2303 1183 2327 iertie
1203 2303 1224 2326 a:
1244 2301 1387 2327 formidini
1443 2304 1470 2327 et
1489 2305 1593 2335 torpore
1617 2309 1755 2327 caesorum
1775 2301 1884 2334 scripsi:
1905 2308 2000 2326 eorum

193 2335 277 2358 ABGT
363 2336 394 2359 23
418 2334 582 2370 Domitiani]
608 2336 797 2362 Domitianum
818 2339 836 2362 Β
928 2340 961 2363 ‘24
986 2336 1170 2363 deterioribus
1195 2337 1361 2371 principem]
1381 2346 1431 2363 om.
1447 2340 1466 2362 T
1557 2336 1772 2371 extimulabant]
1797 2337 1827 2362 in
1847 2339 1867 2361 G
1887 2336 1950 2362 add.
1970 2337 2000 2362 i‘n

191 2370 313 2402 vinryine
332 2369 540 2410 existimulabat
588 2407 592 2412 .
621 2375 653 2412 ⁵².ss
674 2372 831 2413 Africaeoet
851 2373 946 2407 Asiae]
967 2373 1098 2413 aphricae
1119 2374 1146 2398 et
1165 2373 1241 2413 asiae
1260 2375 1294 2413 A,
1315 2373 1380 2407 Λείᾳ
1400 2374 1421 2398 &r
1442 2373 1563 2408 Aphrice
1583 2375 1602 2398 B
1684 2374 1715 2412 27
1738 2372 1845 2432 deerat]
1865 2371 1964 2398 aderat
1981 2373 2000 2397 B

263 2407 296 2430 28
316 2406 496 2440 provmciam]
516 2409 684 2439 prouintlam
705 2410 726 2433 A
790 2409 1006 2443 interrogarent]
1026 2410 1212 2442 interrogaret
1231 2411 1259 2440 G.
1279 2410 1470 2442 mterogarent
1488 2411 1531 2434 AB
1575 2445 1578 2449 .
1595 2407 1743 2442 occultius]
1764 2415 1831 2433 occu
1845 2409 1889 2433 tus
1910 2410 1930 2433 G

193 2460 225 2482 29
245 2457 345 2492 otium]
365 2459 453 2485 ocium
474 2462 539 2484 ABG
630 2464 663 2487 30
683 2461 738 2486 iam
760 2462 922 2488 Rhenanus.-
943 2464 1001 2488 tam
1021 2464 1107 2487 ABGT
1194 2462 1385 2496 simulatione]
1406 2451 1593 2488 simulationes
1603 2465 1630 2494 T,
1649 2462 1681 2487 in
1700 2463 1721 2486 A
1741 2463 1770 2487 in
1789 2462 1912 2495 maryine
1931 2469 1999 2487 aser.

193 2510 231 2535 A}
250 2511 300 2544 nis¹
320 2513 348 2538 in
371 2516 390 2538 G
409 2513 594 2541 simulationis
677 2518 707 2541 31
735 2515 841 2541 audivit
867 2518 898 2548 Τ,
923 2516 1013 2542 audiit
1033 2518 1098 2541 ABG
1177 2519 1211 2541 32
1236 2515 1444 2550 proconsulare]
1469 2503 1666 2549 proconsulare
1685 2517 1714 2547 G,
1738 2514 1930 2548 proconsulari
1948 2516 2000 2547 AB,

1435 2558 1444 2571 Β

194 2575 321 2613 Trimerum
342 2583 355 2600 e
375 2584 411 2601 tm
432 2576 440 2601 i
459 2577 563 2609 habeat,
580 2586 631 2611 pro
650 2581 720 2604 certo
740 2578 885 2610 adfirmari
904 2587 957 2604 non
973 2582 1062 2612 potest
1134 2581 1167 2605 34
1186 2578 1312 2613 laeseris]
1333 2578 1446 2604 laeserit
1466 2581 1486 2604 G
1568 2580 1601 2604 35
1621 2577 1843 2613 inrevocabilior]
1863 2577 2000 2603 irreuoca-

195 2607 275 2647 thor
293 2613 312 2649 1⁸
384 2611 585 2647 moderatione]
605 2613 798 2640 moderacione
817 2616 839 2640 A
930 2616 962 2639 36
984 2614 1084 2649 neque]
1104 2622 1154 2640 nec
1174 2616 1193 2640 B
1276 2617 1308 2640 37
1329 2613 1429 2640 illicita
1448 2614 1542 2640 mirari
1562 2614 1646 2640 moris
1667 2614 1709 2639 est
1728 2616 1759 2639 T:
1781 2613 1864 2640 moris
1885 2613 1927 2638 est
1944 2611 2001 2638 iui-

195 2646 248 2669 cita
268 2647 361 2672 mirari
382 2649 446 2672 ABG
519 2648 701 2683 principibus]
721 2649 863 2682 princibus
884 2652 902 2674 G
