2112 2891
49 708 75 727 10

48 931 72 951 15

47 1155 72 1174 20

45 1379 69 1398 25

44 1603 69 1622 30

93 212 180 236 naht
674 213 842 240 CORNELI]
861 214 987 240 TACITI·
999 214 1202 242 AGRICOLAE
1223 219 1326 243 32-35
1866 220 1908 252 15

92 291 235 323 hostium
260 292 325 323 acie
345 293 543 325 inveniemus
567 297 693 326 nortras
717 306 842 326 manus:
867 296 1062 338 adgnoscent
1085 297 1247 329 Brittanni
1271 310 1360 330 suam
1385 311 1522 340 causam,
1546 300 1797 332 recordabuntur
1824 300 1905 332 Galli

91 337 230 378 priorem
255 336 447 374 libertatem,
470 339 535 369 tam
562 339 707 371 deserent
730 341 803 371 illos
829 341 925 372 ceteri
951 340 1107 383 Germani,
1128 353 1223 383 quam
1248 355 1349 384 nuper
1368 343 1460 386 Usipi
1486 345 1693 386 reliquerunt.
1732 345 1799 377 Nec
1822 347 1906 387 quic-

93 392 188 422 quam
213 381 297 413 ultra
319 382 514 414 formidinis:
539 395 638 415 vacua
662 385 802 426 castella,
830 396 940 416 senum
966 387 1116 423 coloniae7
1141 388 1224 418 inter
1249 388 1329 419 male
1353 392 1500 430 parentes
1525 392 1556 420 et
1576 390 1692 421 iniuste
1713 390 1906 432 imperantes

91 437 187 468 aegra
211 427 385 468 municipia
409 432 440 458 et
464 427 685 460 discordantia.
733 429 795 461 Hic
820 429 893 471 dux,
918 430 969 462 hic
993 431 1159 472 exercitus,
1189 432 1232 463 ibi
1263 433 1382 464 tributa
1416 436 1447 465 et
1477 434 1606 465 metalla
1634 437 1666 466 et
1690 437 1811 466 ceterae
1845 446 1906 467 ser-

91 470 247 502 vientium
271 482 405 512 poenae:
431 483 509 513 quas
534 473 566 504 in
590 476 753 505 aeternum
778 475 918 516 perferre
943 478 997 506 aut
1022 476 1130 507 statim
1156 476 1266 508 ulcisci
1291 478 1323 508 in
1347 478 1409 509 hoc
1433 489 1544 519 campo
1569 482 1626 511 est.
1670 479 1806 511 Proinde
1831 480 1905 511 ituri

90 515 124 546 in
148 516 246 547 aciem
271 519 302 547 et
327 517 462 548 maiores
488 520 610 549 vestros
634 521 665 549 et
689 522 835 560 posteros
860 520 1020 561 cogitate*

202 560 366 602 Excepere
395 562 573 593 orationem
602 563 735 605 alacres,
763 566 800 594 ut
828 564 972 595 barbaris
1002 565 1113 605 moris,
1142 566 1272 597 fremitu
1303 569 1462 608 cantuque
1487 570 1518 598 et
1542 568 1734 600 clamoribus
1759 569 1904 600 dissonis.

89 603 221 647 Iamque
250 606 378 647 agmina
407 608 439 637 et
467 617 627 638 armorum
652 608 803 650 fulgores,
828 609 1047 640 audentissimi
1072 610 1226 651 cuiusque
1250 622 1430 652 procursus,
1455 612 1551 644 simul
1574 613 1792 645 instruebatur
1815 615 1905 653 acies,

91 660 162 681 cum
181 649 335 691 Agricola
360 662 554 692 quamquam
580 652 698 683 laetum
723 656 755 684 et
778 654 830 684 vix
856 655 1064 685 munimentis
1089 655 1261 686 coercitum
1283 656 1417 687 militem
1439 657 1673 689 accendendum
1693 658 1797 689 adhuc
1816 661 1904 690 ratus

89 695 135 726 ita
150 694 312 726 disseruit:
329 694 506 737 ‘Septimus
522 708 623 728 annus
639 700 694 739 est,
711 698 954 738 commilitones,
965 710 1003 729 ex
1018 709 1080 740 quo
1097 700 1213 731 virtute
1227 703 1258 730 et
1272 701 1423 742 auspiciis
1437 702 1562 743 imperii
1575 702 1720 743 Romani,
1731 703 1793 734 fide
1809 706 1904 744 atque

89 749 186 780 opera
210 742 319 770 nostra
338 739 532 772 Brittaniam
553 743 682 773 vicistis.
721 742 783 774 Tot
803 743 1068 784 expeditionibus,
1093 746 1141 774 tot
1165 745 1306 785 proeliis,
1330 757 1385 777 seu
1408 746 1597 778 fortitudine
1622 747 1771 778 adversus
1795 747 1903 779 hostes

89 795 144 815 seu
167 785 323 825 patientia
348 796 383 816 ac
407 785 517 817 labore
540 797 641 827 paene
665 787 816 818 adversus
835 790 938 829 ipsam
959 799 1064 819 rerum
1084 791 1230 820 naturam
1252 800 1332 831 opus
1352 791 1426 822 fuit:
1450 802 1553 832 neque
1572 802 1622 822 me
1642 793 1779 823 militum
1802 804 1904 834 neque

88 839 144 860 vos
174 829 262 860 ducis
291 830 459 871 paenituit.
506 831 593 873 Ergo
623 833 756 873 egressi,
786 843 844 874 ego
874 835 1017 863 veterum
1045 834 1238 875 legatorum,
1266 846 1322 865 vos
1351 837 1494 876 priorum
1523 837 1720 868 exercituum
1749 839 1903 869 terminos

87 873 183 904 finem
207 873 384 906 Brittaniae
407 886 473 906 non
496 875 582 907 fama
605 888 664 908 nec
687 888 822 910 rumore,
847 877 901 908 sed
925 878 1037 908 castris
1062 880 1094 908 et
1117 880 1213 910 armis
1242 881 1398 911 tenemus:
1428 880 1557 911 inventa
1585 881 1743 913 Brittania
1771 884 1804 912 et
1831 882 1904 913 sub-

88 920 166 950 acta.
213 918 371 960 Equidem
402 931 494 961 saepe
522 921 555 952 in
585 921 725 963 agmine,
755 932 825 952 cum
850 933 905 953 vos
929 922 1060 963 paludes
1088 926 1272 964 montesque
1300 927 1332 955 et
1360 925 1492 956 flumina
1520 926 1706 967 fatigarent,
1734 926 1902 958 fortissimi

87 964 241 1004 cuiusque
265 975 357 996 voces
382 965 564 996 audiebam:
590 966 729 1007 ‘quando
750 966 878 997 dabitur
898 968 1021 998 hostis‘?
1046 967 1171 1008 quando
1192 969 1306 999 acies‘ssst
1341 969 1481 1000 Veniunt
1501 980 1517 1000 e
1536 970 1667 1001 latebris
1687 972 1752 1002 suis
1772 973 1903 1012 extrusi,

87 1010 119 1039 et
142 1010 217 1039 vota
241 1009 406 1050 virtusque
430 1009 464 1040 in
488 1013 608 1051 aperto.
656 1010 834 1052 Omniaque
862 1022 963 1052 prona
992 1012 1169 1043 victoribus
1198 1016 1293 1053 atque
1322 1013 1431 1045 eadem
1455 1015 1548 1045 victis
1573 1015 1712 1046 adversa.
1758 1015 1842 1047 Nam
1866 1018 1902 1047 ut

87 1063 253 1094 superasse
278 1055 404 1085 tantum
428 1055 566 1095 itineris,
595 1057 734 1087 evasisse
763 1056 871 1096 silvas,
900 1057 1050 1087 transisse
1079 1059 1236 1089 aestuaria
1260 1058 1429 1098 pulchrum
1455 1070 1490 1090 ac
1514 1059 1664 1091 decorum
1693 1061 1726 1091 in
1753 1061 1903 1102 frontem,

86 1098 132 1129 ita
155 1098 355 1139 fugientibus
380 1100 657 1140 periculosissima,
683 1111 764 1141 quae
788 1100 882 1131 bodie
905 1103 1121 1142 prosperrima
1149 1105 1232 1133 sunt
1285 1102 1398 1144 Neque
1428 1105 1512 1135 enim
1545 1104 1638 1135 nobis
1672 1107 1726 1135 aut
1758 1105 1898 1136 locorum

87 1142 197 1173 eadem
221 1144 337 1174 notitia
362 1147 416 1174 aut
441 1147 675 1175 commeatuum
701 1146 809 1176 eadem
834 1145 1041 1185 abundantia,
1070 1146 1123 1176 sed
1153 1157 1264 1177 manus
1293 1149 1325 1178 et
1351 1159 1439 1179 arma
1462 1150 1494 1179 et
1517 1150 1550 1180 in
1573 1148 1623 1180 his
1648 1150 1763 1180 omnia.
1810 1149 1901 1187 Quod

83 1186 125 1218 -ad
145 1198 195 1218 me
216 1189 340 1226 attinet,
360 1189 423 1219 iam
442 1189 564 1230 pridem
588 1189 667 1221 mihi
688 1190 848 1221 decretum
868 1193 916 1221 est
936 1202 1037 1231 neque
1057 1191 1214 1222 exercitus
1234 1203 1335 1232 neque
1355 1192 1443 1224 ducis
1462 1195 1552 1235 terga
1572 1195 1641 1224 tuta
1661 1205 1736 1225 esse.
1764 1194 1900 1226 Proinde

86 1235 117 1263 et
140 1231 277 1263 honesta
300 1244 387 1264 mors
411 1235 499 1275 turpi
523 1235 588 1265 vita
613 1235 729 1275 potior,
753 1237 784 1265 et
808 1235 1011 1266 incolumitas
1036 1246 1071 1266 ac
1096 1236 1190 1267 decus
1214 1236 1323 1267 eodem
1343 1237 1413 1268 loco
1434 1239 1495 1269 sita
1515 1240 1598 1269 sunt.
1638 1238 1708 1270 Nec
1726 1239 1899 1280 inglorium

1921 572 1958 598 :33

84 1276 182 1308 fuerit
205 1278 237 1308 in
263 1278 332 1319 ipso
357 1280 515 1309 terrarum
540 1290 575 1310 ac
599 1282 731 1310 naturae
755 1280 816 1310 fine
841 1280 998 1311 cecidisse.
1043 1279 1076 1311 Si
1095 1291 1195 1311 novae
1215 1284 1325 1323 gentes
1345 1284 1440 1323 atque
1460 1282 1571 1324 ignota
1591 1283 1673 1314 acies
1693 1283 1899 1325 constitisset,
1915 1288 1952 1315 34

85 1322 220 1353 aliorum
253 1324 450 1354 exercituum
479 1324 634 1365 exemplis
664 1335 720 1355 vos
750 1323 907 1356 hortarer:
935 1335 1020 1355 nunc
1048 1327 1151 1355 vestra
1181 1325 1292 1356 decora
1321 1329 1494 1367 recensete,
1517 1329 1641 1358 vestros
1666 1328 1776 1359 oculos
1805 1328 1899 1359 inter-

85 1369 205 1408 rogate.
252 1366 296 1398 Hi
320 1370 403 1407 sunt,
428 1379 508 1409 quos
533 1369 680 1410 proximo
706 1380 788 1400 anno
814 1380 909 1400 unam
933 1370 1091 1411 legionem
1116 1369 1202 1400 furto
1226 1370 1330 1401 noctis
1354 1371 1520 1413 adgressos
1545 1371 1682 1403 clamore
1707 1372 1899 1413 debellastiS,

84 1410 118 1442 hi
143 1413 321 1443 ceterorum
342 1412 586 1444 Brittannorum
610 1414 809 1455 fugacissimi
834 1414 968 1455 ideoque
992 1417 1057 1445 tam
1082 1414 1135 1444 diu
1161 1416 1356 1456 superstites.
1404 1415 1473 1453 Quo
1497 1416 1592 1447 modo
1617 1416 1711 1448 silvas
1736 1417 1898 1458 saltusque

71 1456 327 1497 ‘penetrantibus
350 1457 563 1489 fortissimum
588 1458 737 1499 quodque
761 1458 879 1489 animal
904 1461 1013 1490 contra
1036 1470 1134 1495 ruere,
1157 1459 1272 1500 pavida
1293 1462 1323 1491 et
1343 1460 1458 1491 inertia
1476 1460 1545 1501 ipso
1566 1462 1702 1502 agminis
1722 1472 1801 1493 sono
1820 1463 1899 1503 pelli

81 1502 240 1541 feruntur,
265 1502 309 1532 sic
333 1502 479 1534 acerrimi
502 1502 745 1534 Brittannorum
770 1505 832 1534 iam
857 1503 980 1544 pridem
1006 1503 1199 1543 ceciderunt,
1228 1504 1369 1545 reliquus
1399 1507 1446 1536 est
1474 1516 1624 1536 numerus
1654 1506 1841 1548 ignavorum
1867 1509 1897 1538 et

84 1546 305 1577 metuentium.
353 1546 440 1583 Quos
469 1547 553 1588 quod
583 1548 709 1578 tandem
739 1548 920 1588 invenistis,
948 1559 1012 1579 non
1040 1549 1238 1589 restiterunt,
1268 1549 1322 1579 sed
1346 1549 1491 1590 deprensi
1516 1552 1603 1581 sunt:
1631 1550 1823 1582 novissimae
1848 1562 1896 1583 res

84 1591 116 1621 et
140 1593 282 1622 extremo
307 1593 394 1622 metu
419 1594 531 1633 torpor
556 1592 692 1623 defixere
716 1593 816 1624 aciem
840 1594 872 1623 in
897 1592 946 1623 his
971 1593 1127 1634 vestigiis,
1156 1593 1188 1623 in
1215 1593 1330 1634 quibus
1359 1593 1525 1634 pulchram
1550 1598 1581 1626 et
1605 1595 1810 1636 spectabilem
1835 1596 1896 1627 vic-

84 1635 198 1666 toriam
224 1636 368 1667 ederetis.
415 1636 597 1678 Transigite
622 1647 693 1668 cnm
719 1637 983 1678 expeditionibus,
1008 1637 1152 1678 inponite
1177 1638 1410 1680 quinquaginta
1433 1639 1524 1670 annis
1549 1650 1700 1682 magnum
1725 1640 1817 1681 diem,
1846 1641 1896 1672 ad-

83 1679 218 1721 probate
241 1681 287 1711 rei
310 1681 457 1722 publicae
481 1693 655 1722 numquam
686 1683 839 1713 exercitui
867 1682 1007 1723 inputari
1033 1682 1174 1723 potuisse
1199 1685 1253 1713 aut
1273 1693 1378 1714 moras
1398 1683 1474 1715 belli
1494 1686 1549 1714 aut
1568 1694 1679 1715 causas
1699 1685 1895 1716 rebellandi?

194 1724 239 1756 Et
262 1725 454 1766 adloquente
478 1726 581 1757 adhuc
605 1726 757 1768 Agricola
782 1726 920 1758 militum
944 1727 1039 1758 ardor
1062 1727 1234 1767 eminebat,
1258 1729 1290 1758 et
1314 1727 1408 1759 finem
1433 1728 1587 1759 orationis
1611 1729 1724 1770 ingens
1748 1730 1895 1761 alacritas
1910 1734 1947 1760 35

192 1861 205 1884 1
226 1857 376 1893 Brittanni]
398 1858 522 1885 britanni
542 1861 619 1885 abt?
699 1862 713 1884 2
733 1859 802 1894 tam]
823 1859 893 1885 itam
912 1862 937 1884 Η
955 1868 988 1884 m.
1002 1868 1055 1892 pru,
1074 1860 1102 1885 in
1123 1868 1174 1892 quo
1193 1868 1227 1885 m.
1241 1868 1289 1886 sec.
1306 1861 1333 1885 in
1356 1861 1477 1894 margine
1496 1861 1560 1886 add.
1581 1860 1708 1886 deserent
1727 1861 1789 1887 illos
1809 1862 1895 1888 ceteri

81 1894 208 1927 germani
227 1895 353 1928 tmolus,
372 1902 422 1920 om.
439 1897 476 1920 ab
560 1895 654 1929 ceteri]
676 1895 779 1921 coeteri
798 1905 822 1924 a,
843 1895 928 1930 ceteri
947 1897 963 1920 b
1045 1895 1138 1929 quam]
1160 1896 1275 1928 tamqua
1294 1904 1320 1927 a,
1339 1897 1408 1929 tanq
1427 1898 1442 1921 1)
1525 1896 1615 1931 Usipi]
1637 1896 1718 1930 vsipij
1739 1899 1754 1922 b
1836 1897 1894 1923 Nec

82 1929 233 1963 quicquam
252 1932 277 1955 Η
295 1938 329 1955 m.
344 1938 393 1956 sec.
409 1933 455 1957 t?:
476 1930 663 1964 nequicquam
682 1933 736 1963 Ha,
756 1938 934 1964 nequaquam
953 1933 968 1955 1)
1038 1934 1052 1955 3
1073 1930 1179 1965 senum]
1201 1931 1308 1956 senium
1328 1933 1342 1956 b
1412 1934 1428 1956 4
1448 1940 1531 1965 aegra
1545 1932 1708 1966 municipia]
1725 1933 1756 1958 in
1770 1933 1895 1967 mar-qim

81 1966 113 1991 in
131 1967 156 1990 H
176 1974 247 1991 nean.
262 1974 310 1992 sec.
327 1966 390 1992 add.
406 1966 497 1992 taetra
516 1966 665 1999 mancipia,
686 1968 747 1993 item
763 1968 793 1992 in
808 1971 841 1992 at
905 1966 1024 2000 ceterae]
1041 1967 1148 2000 coetere
1163 1975 1187 1997 a,
1208 1968 1299 2001 cetere
1314 1969 1329 1991 1)
1403 1970 1418 1991 5
1438 1968 1554 2002 poenae]
1570 1975 1642 2002 pene
1657 1970 1672 1993 1)
1747 1971 1760 1993 7
1781 1968 1893 1994 fremitu

82 2001 232 2036 cantuque]
255 2002 338 2027 cantu
358 2002 525 2035 fremituque
545 2005 582 2028 ab
674 2005 689 2027 8
709 2002 866 2036 procursus]
892 2010 1024 2036 procursu
1043 2004 1068 2027 Η
1088 2011 1120 2027 m.
1140 2010 1188 2027 see.
1205 2004 1260 2027 abt
1349 2002 1548 2037 instruebatur]
1574 2004 1605 2029 in
1624 2005 1648 2028 Η
1670 2012 1704 2029 m.
1719 2012 1768 2030 sec.
1784 2005 1847 2030 add.
1862 2005 1893 2030 in

81 2038 205 2071 margine
224 2037 432 2070 instituebatur,
454 2039 514 2064 item
534 2039 565 2064 in
584 2047 600 2063 a
691 2041 705 2063 9
725 2037 916 2072 munimentis]
937 2037 1051 2063 monitis
1070 2039 1141 2069 Hat,
1160 2038 1206 2063 sed
1225 2038 1255 2063 in
1274 2040 1298 2062 H
1317 2047 1350 2063 m.
1365 2046 1412 2064 sec.
1430 2039 1492 2064 add,
1513 2040 1543 2064 in
1562 2040 1686 2073 margine
1704 2039 1892 2070 munimentis,

81 2090 143 2116 item
162 2092 193 2116 in
212 2100 227 2116 a
292 2091 453 2126 coercitum]
476 2091 645 2117 cohercitum
664 2094 731 2117 Hah
800 2091 930 2125 militem]
952 2079 1073 2122 militsim
1093 2100 1108 2115 a
1178 2093 1210 2116 10
1231 2090 1369 2124 Septimus
1390 2091 1548 2117 Acidalius:
1569 2091 1692 2117 Octauus
1711 2094 1797 2118 Habt
1815 2102 1892 2125 corr„

82 2125 208 2159 Optauus
228 2130 240 2152 t
258 2135 292 2152 m.
303 2135 348 2160 pr.
414 2128 509 2162 atque]
526 2127 617 2160 adque
632 2130 656 2152 Η
670 2136 704 2153 m.
717 2137 760 2161 pr.
828 2130 857 2152 11
879 2127 1056 2160 Brittaniam]
1073 2126 1256 2151 brittanniam
1271 2129 1296 2151 Εἰ
1311 2135 1343 2153 m.
1356 2135 1410 2159 pr„
1425 2127 1598 2152 Britanniam
1614 2130 1638 2152 H
1653 2137 1687 2153 m.
1702 2136 1749 2154 sec.
1766 2131 1838 2154 abt?

81 2162 205 2197 proeliis]
227 2162 324 2197 preliis
343 2165 358 2187 1)
432 2163 536 2198 hostes]
557 2162 646 2189 hostis
665 2165 680 2188 1)
756 2166 787 2188 12
807 2170 896 2195 neque
916 2163 972 2196 vos]
994 2170 1044 2188 nec
1064 2170 1113 2187 uos
1132 2164 1147 2186 b
1222 2165 1254 2187 13
1274 2162 1336 2196 ego]
1360 2170 1425 2196 ergo
1444 2165 1459 2187 b
1533 2163 1714 2198 exercituum]
1740 2164 1890 2190 exercitum

80 2200 105 2223 Η
123 2206 156 2224 m.
168 2206 213 2232 pr.
290 2201 321 2223 14
341 2198 506 2233 Brittaniae]
528 2199 698 2224 brittanniae
714 2201 745 2231 H,
766 2198 923 2224 britanniae
943 2197 1022 2223 abt?
1094 2197 1243 2232 Brittania]
1260 2198 1415 2223 brittannia
1429 2200 1453 2223 Η
1467 2206 1500 2224 m.
1516 2206 1574 2230 sea,
1590 2198 1736 2224 Britannia
1755 2202 1832 2225 abt?

82 2236 114 2258 15
135 2234 207 2268 cnm]
229 2242 311 2267 quom
332 2244 348 2259 a
427 2237 588 2268 montesque
613 2234 775 2261 Urlichsz'us:
796 2236 940 2260 montesue
959 2235 1045 2258 Habt
1127 2236 1159 2259 16
1179 2233 1269 2267 voces]
1290 2241 1387 2259 uocem
1407 2238 1419 2258 t
1501 2234 1575 2260 acies
1596 2235 1760 2261 Rhenanus:
1781 2235 1889 2261 animus

80 2271 166 2295 Eabt
240 2272 271 2294 17
293 2269 458 2304 Omniaque]
481 2271 573 2296 omnia
593 2278 665 2303 quae
685 2273 726 2295 Et
801 2274 831 2295 15
852 2269 971 2295 evasisse
992 2268 1086 2303 silvas]
1108 2269 1194 2294 siluas
1214 2269 1337 2295 euasisse
1357 2272 1380 2300 1),
1401 2269 1495 2301 syluas
1515 2270 1636 2296 euasisse
1656 2279 1672 2295 a
1744 2271 1887 2305 transisse]

81 2304 223 2331 transiisse
242 2307 258 2330 b
333 2308 364 2331 19
385 2306 426 2331 ita
445 2306 609 2332 Rhenanus:
630 2306 698 2331 item
717 2308 802 2330 Rabt
870 2304 1114 2338 periculosissima]
1138 2303 1337 2330 riculosissima
1356 2307 1380 2329 Η
1399 2313 1431 2330 ⁷71.
1445 2313 1488 2337 pr.
1557 2305 1690 2340 locorum]
1716 2305 1838 2331 locorum
1858 2315 1891 2332 ex

80 2340 211 2367 decorum
230 2349 297 2367 corr.
313 2350 329 2366 a.
412 2344 445 2367 20
465 2341 648 2375 abundantia]
671 2341 764 2367 abund
785 2341 843 2366 ntia
862 2343 886 2366 Η
969 2343 999 2365 21
1021 2348 1109 2372 neque
1129 2340 1275 2374 exercitus]
1302 2348 1351 2365 nec
1372 2340 1507 2366 exercitus
1526 2343 1542 2366 b
1625 2343 1657 2366 -23
1678 2342 1773 2380 atque]
1799 2342 1889 2374 adque

79 2378 104 2401 Η
123 2385 156 2402 m.
168 2385 211 2410 pr.
286 2379 319 2402 24
340 2377 520 2411 exercituum]
543 2376 694 2402 exercitum
714 2379 738 2402 H
757 2386 790 2402 m.
802 2385 845 2409 pr.
930 2378 962 2401 25
983 2375 1137 2410 adgressos]
1160 2383 1305 2409 aggressos
1325 2385 1349 2406 a,
1370 2383 1496 2409 agressos
1515 2378 1531 2401 b
1605 2379 1637 2402 26
1657 2375 1697 2411 hi]
1718 2377 1758 2402 hii
1777 2380 1819 2402 Iit

80 2412 244 2446 ceterorum]
271 2413 442 2438 coeterorum
466 2422 494 2444 a,
522 2414 676 2447 ceterorum
696 2415 711 2437 1)
802 2411 1021 2445 Brittannorum]
1043 2410 1234 2436 britannorum
1258 2413 1282 2436 Η
1306 2420 1338 2436 m.
1358 2420 1406 2437 sec.
1426 2414 1501 2437 abt?
1574 2411 1667 2446 silvas]
1690 2412 1783 2445 syluas
1803 2422 1819 2437 a

80 2450 112 2473 27
129 2447 269 2482 quodque]
286 2456 396 2481 quoque
411 2451 505 2480 Habt,
520 2449 566 2474 sed
582 2449 610 2473 in
630 2457 646 2473 a
661 2449 691 2474 in
705 2449 829 2482 ‘marqine
848 2447 910 2473 add.
926 2447 990 2480 (μὴν
1007 2448 1083 2480 puto.
1138 2447 1226 2481 ruere]
1244 2448 1272 2472 z'rn
1289 2449 1312 2471 Η
1327 2456 1359 2472 m.
1375 2455 1423 2472 see.
1440 2448 1469 2472 in
1486 2448 1607 2480 marqine
1621 2447 1684 2487 aad.
1700 2447 1818 2473 ruebant

78 2482 150 2516 pelli
166 2483 295 2515 feruntur
313 2484 424 2517 scripsi:
444 2483 621 2517 pellebantur
639 2486 725 2508 naht
784 2486 817 2509 28
836 2482 1055 2516 Brittannorum]
1072 2482 1264 2508 britannorum
1285 2484 1339 2507 abt
1394 2482 1527 2516 reliquus]
1550 2482 1663 2515 reliquis
1685 2485 1709 2508 Η
1727 2492 1761 2509 771.
1772 2492 1816 2516 pr.

78 2520 107 2544 et
132 2519 326 2554 metuentium]
357 2520 528 2545 dementium
547 2522 584 2550 Η,
611 2520 657 2545 sed
680 2528 713 2545 m.
733 2527 781 2545 sec.
801 2519 863 2544 add*
884 2519 914 2544 in
938 2519 1059 2552 τηανφίηε»
1085 2519 1113 2543 et
1140 2518 1333 2548 metuentium,
1360 2517 1530 2543 dementium
1553 2521 1581 2543 et
1605 2519 1787 2544 metuentium
1806 2524 1818 2544 t

78 2557 111 2580 29
131 2554 303 2589 restiterunt]
323 2555 507 2586 restituerunt
525 2557 549 2587 b,
569 2556 600 2581 in
619 2564 635 2580 a
649 2555 713 2581 add.
728 2556 759 2581 in
773 2555 907 2588 maryine:
928 2554 1002 2587 quod
1017 2553 1126 2579 tamdiu
1145 2562 1199 2580 non
1214 2553 1369 2585 inuenistis,
1385 2553 1555 2579 restiterunt.
1589 2553 1633 2579 Sic
1652 2553 1801 2593 legendum
1819 2556 1887 2587 puto

149 2590 289 2624 deprensi]
310 2590 476 2624 deprehensi
495 2600 519 2622 a,
540 2590 705 2625 deprehensi
720 2593 744 2623 1),
765 2589 943 2624 deprehensis
963 2594 974 2615 t
1047 2591 1080 2615 30
1095 2591 1190 2622 torpor
1204 2589 1305 2615 Ritter:
1326 2596 1441 2621 corpora
1460 2591 1546 2614 Habt
1618 2592 1650 2615 31
1676 2589 1811 2624 inponite]
1836 2590 1886 2616 im-

77 2626 173 2659 ponite
193 2628 248 2651 abt
303 2625 471 2660 adprobantes
490 2626 662 2659 adprobatae
681 2628 714 2658 Η,
733 2625 888 2659 approbate
943 2628 975 2651 32
995 2624 1130 2658 inputari]
1150 2624 1288 2657 imputare
1309 2627 1345 2649 sb
1402 2627 1434 2649 33
1455 2624 1633 2659 adloquente]
1654 2624 1814 2657 alloquente
1832 2628 1888 2651 abt
