2112 2891
109 184 193 207 ABGT
682 180 851 207 CORNELII
871 179 988 207 TACITI
1008 179 1212 206 AGRICOLAE
1233 182 1335 205 10—12
1893 180 1908 210 7

218 263 394 294 Brittaniae
423 263 519 293 situm
548 263 748 304 populosque
778 262 887 292 multis
912 261 1121 302 scriptoribus
1147 264 1338 292 memoratos
1363 272 1427 292 non
1456 260 1488 291 in
1517 261 1785 301 comparationem
1818 272 1910 292 curae
1927 264 1964 290 10

108 307 268 350 ingeniive
298 307 441 347 referam,
475 306 529 337 sed
563 306 637 347 quia
670 308 736 337 tum
771 306 911 347 primum
942 305 1121 347 perdomita
1154 307 1214 336 est:
1243 306 1296 345 ita,
1326 316 1405 346 quae
1435 305 1556 346 priores
1580 305 1721 336 nondum
1748 309 1911 346 comperta

108 351 290 392 eloquentia
318 352 511 393 percoluere,
540 362 643 382 rerum
673 351 735 382 fide
763 350 937 381 tradentur.
983 350 1152 389 Brittania,
1182 349 1368 389 insularum,
1399 360 1476 390 quas
1506 349 1649 380 Romana
1680 349 1797 380 notitia
1826 361 1910 380 com-

108 396 266 438 plectitur,
296 396 441 434 maxima,
471 396 575 436 spatio
604 407 638 426 ac
668 395 755 427 caelo
785 395 818 426 in
842 395 997 426 orientem
1023 393 1217 434 Germaniae,
1241 395 1273 425 in
1298 394 1493 426 occidentem
1519 393 1693 434 Hispaniae
1717 394 1911 432 obtenditur,

82 455 92 472 5
109 440 210 472 Gallis
234 441 267 471 in
292 440 455 472 meridiem
485 441 581 471 etiam
606 440 784 481 inspicitur,
808 439 1072 480 septentrionalia
1095 439 1163 470 eius
1187 439 1284 470 nullis
1308 441 1419 470 contra
1443 439 1536 470 terris
1566 441 1656 469 vasto
1680 440 1775 479 atque
1799 442 1909 479 aperto

108 485 187 516 mari
211 485 386 525 pulsantur.
433 484 581 516 Formam
608 485 706 515 totius
731 484 908 515 Brittaniae
932 484 1041 515 Livius
1066 486 1218 524 veterum,
1242 483 1360 514 Fabius
1385 483 1536 514 Rusticus
1561 483 1735 514 recentium
1765 483 1911 524 eloquen-

107 528 392 571 tissimissauetores
417 528 573 570 oblongae
598 529 739 560 scutulae
765 529 813 559 vel
832 528 962 568 bipenni
983 528 1213 559 adsimulavere
1232 547 1275 550 —
1295 530 1327 558 et
1346 530 1393 559 est
1418 539 1454 558 ea
1478 528 1574 559 facies
1600 527 1680 558 citra
1705 527 1912 567 Calidoniam,

107 574 191 605 unde
215 576 246 605 et
269 574 301 605 in
326 574 508 605 universum
536 573 623 604 fama
646 576 694 604 est
722 592 771 613 —,
795 574 1001 614 transgressis
1026 575 1057 603 et
1081 573 1259 603 inmensum
1284 574 1315 602 et
1339 583 1466 603 enorme
1491 572 1629 613 spatium
1654 572 1911 613 procurrentium

107 621 249 650 extremo
274 619 336 649 iam
360 618 454 649 litore
473 620 628 649 terrarum
649 618 738 648 velut
757 618 789 648 in
809 628 942 649 cuneum
965 619 1122 648 tenuatur.
1161 616 1251 647 Hanc
1271 628 1358 647 oram
1378 617 1543 647 novissimi
1563 617 1659 647 maris
1678 619 1753 647 tunc
1773 616 1911 657 primum

67 676 92 696 10
107 662 270 695 Romana'
285 663 394 694 classis
427 662 637 693 circumvecta
670 662 807 693 insulam
845 673 913 692 esse
948 662 1138 692 Brittaniam
1168 661 1356 692 adfirmavit.
1404 660 1449 692 Ac
1479 661 1574 692 simul
1603 661 1782 702 incognitas
1813 660 1850 691 ad
1880 660 1911 691 id

107 711 233 748 tempus
257 707 386 748 insulas,
411 718 489 748 quas
514 706 651 738 Orcadas
676 709 800 746 vocant,
825 706 947 738 invenit
971 706 1166 747 domuitque.
1214 705 1365 747 Dispecta
1393 708 1441 736 est
1470 708 1501 736 et
1524 705 1635 746 Thule,
1661 706 1735 746 quia
1758 705 1911 736 hactenus

106 753 228 784 iussum
251 754 283 782 et
306 751 407 783 hiems
433 751 609 793 appetebat.
659 751 719 782 Sed
744 762 829 782 mare
849 751 975 793 pigrum
997 753 1028 782 et
1047 762 1142 792 grave
1163 750 1393 792 remigantibus
1413 750 1581 791 perhibent
1600 761 1640 781 ne
1659 749 1763 781 ventis
1784 750 1911 791 quidem

106 797 236 839 perinde
260 796 378 828 attolli:
403 796 506 835 credo,
531 796 616 836 quod
636 796 769 826 rariores
790 798 892 826 terrae
912 798 1108 836 montesque,
1127 805 1221 826 causa
1240 805 1276 826 ac
1295 795 1429 825 materia
1448 796 1682 835 tempestatum,
1703 796 1734 825 et
1753 794 1912 835 profunda

106 842 205 873 moles
238 841 381 872 continui
415 841 511 871 maris
545 840 666 871 tardius
697 840 879 880 impellitur.
926 839 1083 871 Naturam
1113 838 1231 871 Oceani
1264 841 1362 880 atque
1386 841 1491 870 aestus
1516 850 1618 880 neque
1643 849 1792 880 quaerere
1816 838 1911 869 huius

67 899 91 919 ιε
107 886 211 927 operis
235 888 293 926 est,
317 896 352 916 ac
376 885 469 916 multi
489 885 652 916 rettulere:
677 896 775 915 unum
796 885 979 922 addiderim,
999 895 1154 925 nusquam
1176 884 1273 914 latius
1293 883 1450 914 dominari
1472 894 1566 923 mare,
1586 883 1722 914 multum
1743 883 1911 914 fluminum

106 930 168 962 huc
191 932 286 971 atque
310 930 387 962 illuc
410 930 500 970 ferre,
524 940 581 960 nec
605 929 698 960 litore
723 930 815 959 tenus
840 929 1020 960 adcrescere
1045 931 1099 960 aut
1118 928 1284 966 resorberi,
1305 928 1359 959 sed
1379 928 1511 959 influere
1531 928 1657 969 penitus
1677 930 1771 968 atque
1792 928 1911 959 ambire

106 977 138 1006 et
161 975 245 1017 iugis
270 975 366 1006 etiam
391 986 427 1006 ac
451 974 614 1005 montibus
638 974 733 1005 inseri
758 974 846 1004 velut
870 974 901 1004 in
927 985 992 1004 suo.

217 1019 364 1051 Ceterum
388 1019 580 1050 Brittaniam
610 1018 663 1060 qui
693 1018 842 1049 mortales
872 1019 963 1049 initio
988 1018 1153 1051 coluerint,
1177 1018 1343 1059 indigenae
1373 1028 1413 1048 an
1436 1017 1570 1057 advecti,
1594 1019 1630 1048 ut
1654 1017 1736 1048 inter
1760 1017 1912 1048 barbaros
1928 1020 1961 1046 11

105 1076 218 1106 parum
247 1066 453 1105 compertum.
501 1062 639 1094 Habitus
664 1074 834 1104 corporum
861 1063 948 1100 varii,
977 1065 1074 1103 atque
1099 1074 1136 1093 ex
1161 1073 1197 1093 eo
1222 1064 1420 1103 argumenta.
1467 1061 1615 1102 Namque
1643 1061 1759 1092 rutilae
1788 1061 1912 1092 Calido-

66 1123 92 1142 so
105 1110 192 1140 niam
215 1109 430 1140 habitantium
454 1118 571 1148 comae,
595 1108 703 1150 magni
727 1110 816 1138 artus
837 1107 1058 1138 Germanicam
1079 1107 1236 1149 originem
1257 1108 1454 1147 asseverant,
1479 1106 1619 1137 Silurum
1641 1106 1774 1137 colorati
1794 1106 1912 1146 vultus,

106 1153 183 1185 torti
212 1153 401 1195 plerumque
430 1153 532 1184 crines
561 1155 592 1184 et
620 1153 725 1193 posita
754 1154 865 1183 contra
888 1151 1045 1193 Hispania
1070 1151 1206 1182 Hiberos
1235 1153 1357 1182 veteres
1382 1151 1543 1182 traiecisse
1568 1161 1682 1191 easque
1707 1151 1796 1181 sedes
1822 1161 1911 1182 occu-

104 1207 197 1240 passe
226 1198 320 1229 fidem
348 1197 484 1238 faciunt,
513 1197 648 1238 proximi
675 1196 773 1228 Gallis
799 1199 829 1228 et
853 1196 971 1227 similes
997 1199 1079 1235 sunt,
1109 1207 1162 1226 seu
1187 1196 1319 1227 durante
1345 1195 1478 1237 originis
1503 1196 1543 1235 vi,
1572 1206 1627 1226 seu
1652 1195 1911 1236 procurrentibus

105 1243 138 1274 in
163 1243 287 1274 diversa
310 1242 403 1274 terris
427 1242 545 1283 positio
569 1242 648 1273 caeli
672 1241 859 1282 corporibus
883 1241 1028 1272 habitum
1054 1241 1147 1271 dedit.
1193 1239 1230 1271 ln
1255 1240 1439 1271 universum
1464 1242 1570 1271 tamen
1595 1240 1776 1270 aestimanti
1802 1239 1911 1271 Gallos

104 1288 241 1319 vicinam
260 1287 396 1318 insulam
419 1297 590 1328 occupasse
610 1286 760 1318 credibile
776 1288 831 1317 est.
859 1285 979 1316 Eorum
996 1297 1083 1316 sacra
1098 1285 1313 1326 deprehendas
1330 1284 1651 1325 superstitionumque
1666 1284 1911 1325 persuasionem,

66 1345 90 1364 25
105 1343 209 1364 sermo
237 1331 322 1363 haud
350 1332 487 1362 inultum
515 1331 669 1371 diversus,
697 1331 730 1362 in
759 1331 966 1372 deposcendis
995 1330 1144 1371 periculis
1176 1330 1283 1361 eadem
1314 1329 1443 1361 audacia
1468 1331 1507 1368 et,
1537 1329 1590 1360 nbi
1616 1329 1779 1368 advenere,
1804 1329 1835 1360 in
1861 1329 1910 1360 de-

105 1376 277 1409 trectandis
307 1376 413 1408 eadem
444 1376 591 1407 formido.
640 1375 715 1406 Plus
744 1378 851 1406 tamen
879 1375 1014 1406 ferociae
1044 1374 1205 1405 Brittanni
1238 1374 1430 1415 praeferunt,
1464 1376 1499 1404 ut
1528 1384 1608 1414 quos
1642 1374 1783 1405 nondum
1814 1373 1911 1415 longa

105 1433 167 1463 pax
196 1421 374 1452 emollierit.
411 1420 494 1451 Nam
516 1420 624 1451 Gallos
650 1431 776 1461 quoque
805 1419 897 1450 bellis
926 1420 1071 1450 floruisse
1100 1419 1287 1460 accepimus,
1320 1429 1395 1450 mox
1423 1418 1560 1460 segnitia
1588 1429 1658 1449 cum
1689 1418 1755 1449 otio
1780 1418 1912 1449 intravit

105 1466 221 1498 amissa
248 1466 366 1497 virtute
390 1465 509 1507 pariter
533 1476 566 1496 ac
591 1464 747 1496 libertate.
786 1464 877 1501 Quod
897 1464 1140 1495 Brittannorum
1165 1463 1242 1494 olim
1267 1464 1361 1494 victis
1386 1464 1504 1494 evenit:
1528 1463 1624 1493 ceteri
1645 1465 1782 1503 manent,
1802 1463 1911 1503 quales

106 1510 190 1542 Galli
213 1511 351 1542 fuerunt.

65 1569 91 1587 ³0
215 1555 251 1586 In
266 1555 372 1596 pedite
387 1554 496 1586 robur:
513 1554 665 1595 quaedam
682 1554 826 1585 nationes
842 1556 873 1585 et
888 1564 979 1585 curru
998 1553 1202 1594 proeliantur:
1227 1552 1402 1583 Honestior
1416 1552 1536 1594 auriga,
1552 1552 1681 1583 clientes
1697 1553 1910 1594 propugnant.
1928 1555 1963 1582 12

105 1600 190 1632 Olim
223 1600 352 1642 regibus
381 1599 544 1640 parebant,
573 1610 657 1630 nunc
685 1610 741 1640 per
770 1599 930 1640 principes
960 1598 1152 1629 factionibus
1183 1600 1213 1628 et
1241 1597 1355 1628 studiis
1384 1597 1611 1629 distrahuntur.
1658 1596 1727 1628 Nec
1749 1596 1836 1627 aliud
1861 1596 1912 1627 ad-

105 1656 213 1676 versus
251 1644 462 1676 validissimas
494 1647 605 1686 gentes
634 1655 691 1684 pro
721 1643 813 1674 nobis
842 1643 962 1683 utilius,
991 1654 1086 1684 quam
1116 1642 1200 1683 quod
1231 1642 1264 1673 in
1297 1652 1464 1673 commune
1492 1652 1557 1673 non
1586 1641 1764 1672 consulunt.
1811 1644 1911 1672 Rarus

105 1689 227 1721 duabus
255 1689 396 1720 tribusve
420 1688 604 1719 civitatibus
628 1688 667 1719 ad
686 1688 937 1729 propulsandum
958 1698 1124 1718 commune
1144 1687 1321 1727 periculum
1341 1689 1528 1717 conventus:
1554 1686 1599 1716 ita
1618 1685 1737 1727 singuli
1756 1688 1911 1727 pugnant,

106 1734 244 1765 universi
267 1734 446 1765 vincuntur.
1868 1770 1911 1788 que

214 1808 226 1830 1
248 1803 414 1837 Brittaniae]
435 1803 609 1829 Brittanniae
629 1806 676 1834 GT,
702 1802 864 1828 Britanniae
884 1805 926 1827 AB
1009 1804 1023 1827 2
1044 1801 1195 1836 ingeniive]
1219 1801 1360 1835 ingemine
1380 1803 1399 1826 B
1472 1800 1521 1832 ita,
1541 1801 1624 1835 quae]
1646 1800 1741 1833 itaque
1761 1803 1811 1832 GT,
1833 1795 1901 1833 itaci,

106 1847 126 1869 A
199 1847 214 1869 3
235 1844 300 1878 fide]
321 1844 374 1869 fide
394 1847 424 1874 Δ,
444 1845 471 1869 iu
494 1846 534 1868 GT
553 1843 616 1869 add.
633 1844 663 1868 in
681 1844 803 1877 wtzaryz'ne
822 1842 890 1868 fides
964 1841 1115 1876 Brittania]
1136 1841 1295 1867 Brittannia
1315 1844 1365 1873 GT,
1389 1840 1536 1866 Britannia
1555 1842 1597 1865 AB
1670 1840 1784 1875 notitia]
1804 1839 1911 1865 noticia

106 1883 127 1905 A
200 1883 215 1905 4
235 1879 263 1905 in
283 1879 428 1913 orientem]
449 1879 613 1905 morientem
633 1881 654 1903 G
726 1882 741 1904 5
761 1878 859 1913 etiam]
880 1880 901 1904 ὣ
921 1880 964 1903 AB
1026 1880 1040 1902 6
1062 1877 1230 1912 Brittaniae]
1252 1877 1424 1903 Brittanniae
1444 1879 1494 1908 Τῗ),
1520 1875 1679 1902 britanniae
1698 1878 1741 1901 AB
1816 1878 1828 1901 7
1850 1884 1909 1901 scn—

105 1915 194 1950 tulae]
213 1915 344 1949 scupulae
363 1917 383 1940 Β
439 1914 640 1941 adsiniulavere
662 1915 841 1941 Puteolanus:
861 1914 1058 1940 adsimilauere
1077 1915 1104 1943 B,
1125 1913 1314 1939 assimilauere
1330 1915 1393 1938 AGT
1453 1911 1640 1946 Calidoniam]
1661 1911 1840 1938 Caledoniam
1859 1913 1910 1942 AB,

106 1951 281 1985 calydoniam
301 1954 321 1976 G
420 1953 435 1976 8
460 1951 487 1976 in
511 1950 682 1985 universum]
705 1950 733 1975 in
758 1959 807 1976 om.
825 1953 845 1975 A
944 1949 1124 1983 transgressis
1149 1952 1174 1974 et
1198 1949 1307 1982 scripsi:
1332 1947 1524 1982 transgressis:
1549 1948 1598 1973 sed
1617 1949 1669 1979 AB,
1697 1947 1726 1973 in
1751 1949 1773 1972 A
1797 1947 1860 1973 add.
1882 1948 1911 1973 in

108 1988 228 2022 maryine
246 1986 286 2012 Alr
305 1990 342 2012 un
362 1987 384 2012 ἃ,
403 1986 512 2012 unifisis
531 1986 614 2017 sama,
639 1986 830 2020 transgressis:
851 1987 879 2011 et
897 1985 1034 2011 uniuersis
1054 1985 1128 2011 fama
1149 1984 1197 2010 sed
1217 1988 1244 2016 T,
1263 1984 1455 2018 transgressis:
1476 1983 1549 2009 unde
1569 1983 1590 2009 ἃ
1609 1983 1748 2009 uniuersis
1767 1982 1841 2008 fama
1863 1983 1909 2008 sed

107 2026 135 2055 G,
154 2023 200 2049 sed
218 2023 298 2049 verba
317 2022 390 2048 unde
410 2023 431 2047 a
451 2022 589 2048 uniuersis
608 2022 684 2047 fama
704 2021 752 2047 sed
768 2022 841 2047 linea
857 2022 963 2047 inclusa
977 2024 1079 2047 suntet
1095 2020 1126 2046 at
1140 2029 1274 2053 suprascr.
1358 2019 1481 2053 enorme]
1501 2019 1607 2045 inorme
1626 2021 1676 2051 BG,
1696 2022 1803 2044 inorme
1823 2021 1844 2043 A

107 2059 241 2093 spatium]
261 2058 385 2091 spacium
404 2060 426 2083 A
498 2060 513 2082 9
533 2057 627 2092 litore]
646 2058 741 2083 littore
760 2060 824 2082 AGT
899 2059 930 2082 10
951 2056 1128 2090 Brittaniam]
1151 2055 1337 2081 Brittanniam
1356 2058 1409 2086 ΤΡ,
1429 2054 1601 2080 britanniam
1620 2056 1663 2079 AB
1741 2053 1910 2087 adfirmavit]

107 2094 258 2120 affirmauit
276 2096 340 2119 AGT
432 2097 462 2119 11
484 2093 619 2127 Orcadas]
639 2093 774 2119 orchadas
794 2095 834 2118 GT
924 2092 1067 2126 Dispecta]
1089 2092 1222 2125 despecta
1241 2093 1260 2116 B
1351 2090 1441 2117 Thule
1460 2090 1584 2116 Ernesti:
1609 2089 1687 2123 thyle
1706 2092 1758 2121 AG,
1783 2089 1863 2115 Thile
1883 2092 1910 2121 T,

106 2129 174 2163 Tyle
193 2132 213 2155 B
270 2132 301 2155 12
321 2129 438 2161 iussum]
458 2129 561 2160 iussum
581 2131 600 2154 Β
655 2129 756 2163 hiems]
776 2128 893 2162 hyemps
913 2131 931 2153 T
987 2127 1149 2161 appetebat]
1165 2127 1229 2153 add.
1245 2128 1266 2153 ἃ
1282 2127 1369 2159 hiems
1385 2129 1404 2151 G
1461 2129 1492 2151 13
1512 2125 1627 2159 perinde
1649 2125 1773 2152 Grotius:
1793 2125 1910 2158 proinde

106 2167 191 2191 ABGT
247 2165 350 2199 attolli]
367 2164 462 2190 actolli
477 2167 497 2189 B
554 2167 586 2190 14
602 2164 716 2199 Oceani]
733 2164 845 2190 occeani
862 2167 882 2189 G
932 2164 1033 2198 neque]
1049 2172 1097 2188 nec
1113 2165 1132 2188 Β
1185 2166 1216 2188 15
1232 2162 1376 2197 rettulere]
1391 2161 1511 2188 retulere
1526 2164 1592 2187 ABG
1647 2161 1797 2195 dominari]
1813 2160 1910 2186 danari

106 2203 158 2234 AB,
172 2201 218 2227 sed
232 2202 261 2227 in
277 2203 298 2226 A
314 2203 343 2227 m
358 2201 479 2234 nzaryine
494 2200 573 2226 dffiri
593 2201 610 2226 i.
627 2209 646 2226 e.
663 2200 801 2226 dominari
866 2202 897 2225 16
917 2199 1011 2234 litore]
1026 2199 1119 2225 littore
1135 2201 1220 2223 ABGT
1287 2198 1456 2231 adcrescere]
1478 2205 1633 2223 accrescere
1652 2199 1715 2222 ABT
1786 2199 1818 2222 18
1838 2196 1910 2222 Brit-

106 2255 224 2289 taniam]
239 2254 427 2280 Brittanniam
438 2257 457 2279 T
468 2259 492 2283 ἱ),
508 2253 678 2280 britanniam
693 2256 736 2279 AB
780 2253 929 2287 coluerint]
945 2252 1089 2279 coluerunt
1106 2255 1125 2276 G
1173 2254 1203 2277 19
1221 2251 1393 2277 Calidoniam
1414 2252 1525 2284 scripsi:
1540 2239 1716 2284 calJvdoniam
1736 2252 1770 2282 A,
1797 2249 1910 2283 calydo-

106 2290 181 2316 niam
197 2293 245 2321 GT,
265 2289 414 2316 Caledoma
429 2291 448 2315 B
531 2292 563 2314 2¹0
584 2289 671 2324 artus]
695 2291 787 2315 arctus
807 2292 834 2321 T,
855 2297 934 2315 arcus
953 2291 972 2313 Β
1047 2287 1252 2322 Germanicam]
1271 2295 1433 2321 germanam
1452 2289 1472 2312 B
1559 2289 1590 2312 21
1611 2285 1749 2320 Hispania
1770 2286 1909 2312 Muretus:

106 2343 265 2377 hispaniam
276 2345 341 2369 ABG
355 2344 396 2377 (in
411 2345 431 2368 G
446 2343 509 2369 add.
522 2343 551 2368 in
565 2343 687 2377 margine
701 2342 828 2375 hiberia),
844 2342 1011 2375 hyspaniam
1027 2344 1045 2366 T
1100 2340 1230 2375 Hiberos]
1246 2340 1370 2373 Hyberos
1386 2343 1413 2371 T,
1429 2328 1539 2366 hiberds
1554 2342 1584 2369 A,
1600 2339 1692 2365 Iberas
1707 2341 1726 2364 Β
1790 2338 1909 2373 veteres]

107 2381 213 2405 ueteres
232 2381 341 2405 ueteres
356 2381 387 2410 A,
405 2379 451 2405 sed
465 2379 582 2405 alterum
599 2380 708 2404 ueteres
728 2379 800 2404 linea
815 2378 889 2404 delet.
954 2376 1115 2410 occupasse]
1130 2377 1236 2402 hitasse
1251 2378 1281 2407 A,
1297 2377 1341 2402 secl
1358 2377 1386 2401 in
1402 2376 1523 2409 mnrgyine
1537 2376 1600 2402 add.
1617 2383 1766 2408 occupasse
1832 2377 1863 2399 22
1885 2374 1910 2399 vi

107 2415 269 2441 Rhenanus:
284 2423 336 2440 usu
350 2417 436 2440 ABGT
499 2417 531 2439 23
547 2414 719 2448 aestimanti]
735 2413 859 2449 estimati
874 2416 896 2438 A
959 2416 991 2438 24
1005 2412 1138 2446 vicinam]
1154 2413 1183 2437 in
1199 2414 1219 2436 G
1234 2412 1297 2437 add.
1313 2412 1343 2437 in
1359 2412 1480 2445 nun-ymo
1495 2419 1613 2437 uacuam
1668 2410 1910 2443 superstitionum-

107 2459 166 2484 que
184 2450 390 2484 persuasionem
408 2451 517 2483 scripsi:
539 2450 769 2483 superstitionum
788 2448 966 2483 persuasione
986 2450 1071 2473 ABGT
1154 2450 1186 2473 25
1207 2447 1397 2473 detrectandis
1417 2447 1526 2481 eadem]
1545 2446 1737 2472 detractandis
1757 2454 1789 2471 ea
1810 2447 1828 2470 Β

108 2489 140 2512 26
161 2486 312 2521 Brittanni]
332 2485 456 2511 britanni
475 2487 518 2511 AB
586 2488 618 2510 27
638 2485 732 2520 bellis]
751 2485 780 2511 in
800 2484 880 2510 bellis
900 2487 942 2510 AB
1011 2483 1080 2517 otio]
1100 2483 1160 2509 ocio
1179 2485 1222 2508 BG
1291 2485 1323 2509 28
1343 2483 1564 2517 Brittannorum]
1584 2482 1776 2508 britannorum
1796 2483 1838 2506 AB

108 2524 141 2548 30
159 2522 202 2556 In]
222 2521 262 2548 Im
281 2525 303 2547 A
317 2531 350 2548 m.
366 2531 406 2554 pr.
421 2523 464 2546 BG
527 2521 666 2554 quaedam
680 2521 819 2555 nationes]
836 2520 963 2546 nationes
979 2519 1116 2552 quaedam
1131 2522 1150 2544 Τ
1213 2518 1397 2553 proeliantur]
1411 2517 1567 2553 preliantur
1581 2520 1631 2547 BG,
1647 2516 1802 2551 preliantur
1818 2519 1838 2540 A

107 2560 139 2583 31
165 2557 369 2592 distrahuntur]
394 2557 539 2583 Heinsius:
568 2556 716 2583 trahuntur
739 2559 825 2582 ABGT
917 2559 948 2581 32
974 2554 1082 2589 gentes]
1107 2554 1198 2588 gentis
1218 2556 1238 2579 Β
1325 2554 1484 2589 consulunt]
1508 2554 1668 2580 consultant
1688 2555 1706 2577 T
1727 2561 1760 2578 m.
1775 2561 1819 2587 pr.

108 2596 140 2620 33
160 2593 295 2628 tribusve]
314 2593 458 2626 tribusque
477 2595 541 2618 AGT
