2112 2891
88 233 173 256 nor
679 229 848 257 CORNELII
867 229 985 257 TACITI
1004 230 1209 257 AGRICOLAE
1229 234 1297 257 3-6
1872 234 1891 264 5

88 313 240 354 posuisse.
291 312 352 343 Hic
384 312 512 344 interim
545 313 626 343 liber
657 312 770 344 honori
804 312 973 354 Agricolae
1007 313 1106 344 soceri
1141 314 1203 344 mei
1237 314 1412 344 destinatus
1446 314 1643 354 professione
1676 314 1804 354 pietatis
1839 318 1892 345 aut

87 357 233 389 laudatus
258 357 319 388 erit
341 359 398 388 aut
420 359 596 388 excusatus.

199 400 324 432 Gnaeus
351 400 451 433 Iulius
479 401 640 443 Agricola,
669 404 774 432 vetere
803 404 834 432 et
863 402 978 432 illustri
1008 401 1275 433 Foroiuliensium
1310 403 1433 433 colonia
1467 405 1566 443 ortus,
1594 406 1764 444 utrumque
1797 415 1890 434 avum
1909 408 1927 434 4

87 448 327 488 procuratorem
352 446 520 478 Caesarum
544 446 666 486 habuit,
691 457 771 487 quae
795 446 950 487 equestris
975 446 1126 477 nobilitas
1147 449 1202 478 est
1241 447 1336 478 Pater
1360 447 1406 478 illi
1426 446 1527 478 Iulius
1549 428 1722 478 Graecinus
1743 448 1892 479 senatorii

61 504 72 523 5
88 491 218 531 ordinis
243 491 348 522 studio
373 491 573 532 eloquentiae
597 491 834 532 sapientiaeque
856 493 953 521 notus
978 491 1080 531 iisque
1105 491 1181 532 ipsis
1206 491 1379 522 virtutibus
1404 492 1483 523 iram
1505 491 1562 523 Gai
1583 491 1728 523 Caesaris
1748 493 1894 524 meritus:

87 546 223 576 namque
247 535 289 566 M.
310 534 454 567 Silanum
479 546 625 566 accusare
649 536 753 566 iussus
778 537 819 575 et,
843 536 918 576 quia
942 535 1104 576 abnuer,at
1129 536 1314 567 interfectus
1340 538 1396 567 est.
1439 536 1542 567 Mater
1565 536 1646 567 Iulia
1671 536 1810 568 Procilla
1833 537 1894 568 fuit

88 591 175 612 rarae
203 580 367 612 castitatis
414 579 451 611 In
480 581 574 611 huius
606 580 677 611 sinu
702 580 962 621 indulgentiaque
987 580 1138 611 educatus
1162 592 1218 621 per
1242 592 1367 612 omnem
1392 581 1599 613 honestarum
1629 582 1745 612 artium
1771 583 1890 613 cultum

87 624 256 666 pueritiam
277 624 587 665 adulescentiamque
607 624 769 666 transegit.
808 624 945 655 Arcebat
965 635 1035 656 eum
1056 625 1094 656 ab
1115 625 1272 656 illecebris
1292 626 1491 666 peccantium
1512 628 1638 666 praeter
1656 626 1759 666 ipsius
1779 626 1893 657 bonam

87 670 309 711 integramque
338 671 494 709 naturam,
523 669 606 710 quod
637 669 746 700 statim
774 669 925 710 parvulus
953 669 1059 700 sedem
1088 680 1123 700 ac
1151 671 1336 712 magistram
1366 670 1544 701 studiorum
1572 670 1747 702 Massiliam
1773 671 1895 711 habuit,

48 726 73 745 10
86 715 192 745 locum
218 713 337 745 Graeca
361 714 512 745 comitate
536 716 567 744 et
591 713 779 754 provinciali
802 713 996 754 parsimonia
1019 714 1156 745 mixtum
1181 726 1218 745 ac
1248 715 1325 745 bene
1354 716 1575 755 compositum.
1623 715 1778 746 Memoria
1801 718 1894 746 teneo

87 758 218 790 solitum
247 759 352 799 ipsum
381 769 507 789 narrare
536 769 568 789 se
592 758 695 799 prima
719 759 752 789 in
775 759 903 789 iuventa
927 758 1067 789 studium
1092 759 1315 800 philosophiae
1339 759 1452 795 acrius
1480 760 1565 790 ultra
1589 771 1684 801 quam
1709 771 1894 792 concessum

88 803 232 834 Romano
261 813 297 834 ac
326 803 474 843 senatori,
502 803 656 844 hausisse
683 802 715 833 ni
740 803 911 843 prudentia
934 803 1044 834 matris
1067 803 1232 835 incensum
1258 815 1293 835 ac
1317 803 1506 846 flagrantem
1531 805 1672 835 animum
1697 805 1895 836 coercuisset

88 846 217 879 Scilicet
240 847 375 879 sublime
400 850 431 878 et
450 850 589 879 erectum
610 848 774 890 ingenium
795 847 1066 888 pulchritudinem
1087 859 1123 879 ac
1147 849 1281 889 speciem
1304 859 1436 891 magnae
1457 849 1661 890 excelsaeque
1680 849 1784 892 gloria
1805 849 1895 880 vehe

87 892 225 923 mentius
245 903 339 933 quam
360 894 451 923 caute
471 892 648 934 appetebat.
687 891 763 923 Mox
783 892 943 934 mitigavit
968 893 1049 923 ratio
1076 896 1106 924 et
1131 896 1225 927 aetas
1250 894 1454 934 retinuitque,
1479 894 1564 934 quod
1588 896 1637 925 est
1661 893 1896 933 difficillimum,

49 950 72 969 15
87 948 125 968 ex
149 936 306 978 sapientia
329 937 467 968 modum

198 981 306 1012 Prima
324 984 501 1013 castrorum
521 981 728 1013 rudimenta
721 993 753 1012 111
768 981 928 1012 Brittania
944 981 1097 1013 Suetonio
1114 981 1258 1023 Paulino,
1278 982 1423 1024 diligenti
1443 994 1479 1013 ac
1499 983 1662 1014 moderato
1684 983 1764 1023 duci,
1784 994 1896 1024 appro-
1915 988 1928 1012 ἒ·

88 1026 183 1066 bavit,
207 1027 335 1067 electus,
360 1037 454 1067 quem
479 1026 688 1057 contubernio
713 1026 903 1057 aestimaret.
945 1025 1012 1057 Nec
1038 1026 1189 1068 Agricola
1213 1027 1346 1058 licenter
1370 1038 1457 1058 more
1482 1028 1640 1068 iuvenum,
1667 1028 1721 1068 qui
1748 1027 1895 1058 militiam

88 1070 120 1101 in
143 1070 307 1102 lasciviam
332 1073 470 1111 vertunt,
493 1082 594 1112 neque
619 1071 758 1113 segniter
782 1070 821 1101 ad
840 1070 1021 1112 voluptates
1046 1074 1076 1101 et
1102 1074 1296 1103 commeatus
1321 1072 1450 1103 titulun]
1478 1072 1657 1103 tribunatus
1682 1075 1713 1103 et
1738 1073 1895 1103 inscitiam

87 1115 221 1155 rettulit,
249 1116 302 1146 sed
331 1126 461 1147 noscere
489 1115 694 1156 provinciam,
723 1115 811 1146 nosci
840 1115 1002 1153 exercitui,
1027 1115 1146 1147 discere
1170 1127 1187 1147 a
1211 1117 1331 1157 peritis,
1356 1117 1445 1158 sequi
1471 1117 1619 1158 optimos,
1643 1117 1725 1148 nihil
1749 1121 1898 1158 appetere

48 1173 72 1192 111
87 1160 120 1191 10
140 1159 352 1201 iactationem,
372 1160 453 1191 nihil
472 1160 513 1191 ob
533 1160 735 1192 formidinem
754 1170 898 1191 recusare
919 1160 1077 1201 simulque
1097 1162 1129 1191 et
1147 1163 1260 1192 anxius
1281 1163 1311 1192 et
1331 1162 1472 1193 intentus
1497 1172 1599 1203 agere.
1631 1161 1707 1192 Non
1726 1172 1800 1193 sane
1820 1162 1898 1193 alias

88 1204 292 1236 exercitatior
316 1205 482 1247 magisque
507 1205 539 1236 in
563 1205 713 1247 ambiguo
738 1204 898 1235 Brittania
922 1204 995 1236 fuit:
1020 1205 1171 1236 trucidati
1196 1207 1346 1245 veterani,
1371 1207 1516 1237 incensae
1545 1206 1697 1247 coloniae,
1730 1207 1897 1248 intercepti

88 1250 253 1280 exercitus.
291 1249 372 1281 Tum
398 1250 435 1280 de
455 1250 565 1290 salute,
590 1260 664 1281 mox
684 1249 721 1280 de
742 1250 875 1280 victoria
896 1252 1063 1281 certavere.
1103 1249 1189 1287 Quae
1209 1253 1323 1281 cuncta
1342 1252 1401 1282 etsi
1423 1251 1566 1282 consiliis
1587 1251 1748 1292 ductuque
1767 1251 1897 1282 alterius

87 1294 272 1336 agebantur,
295 1305 331 1325 ac
355 1305 479 1325 summa
503 1305 607 1325 rerum
633 1297 664 1325 et
687 1296 890 1335 recuperatae
914 1294 1095 1334 provinciae
1120 1294 1222 1336 gloria
1247 1296 1279 1326 in
1304 1295 1414 1326 ducem
1440 1296 1544 1336 cessit,
1568 1298 1668 1326 artem
1695 1298 1726 1326 et
1750 1307 1842 1326 usum
1868 1299 1898 1327 et

88 1339 234 1370 stimulos
258 1338 407 1370 addidere
431 1339 547 1379 iuveni,
571 1339 766 1379 intravitque
790 1339 932 1369 animum
955 1338 1104 1370 militaris
1123 1339 1244 1381 gloriae
1263 1339 1388 1381 cupido,
1408 1340 1534 1382 ingrata
1554 1340 1761 1381 temporibus,
1782 1340 1897 1382 quibus

48 1396 72 1415 2⁵
88 1382 224 1414 sinistra
241 1394 316 1425 erga
340 1384 514 1414 eminentes
538 1383 762 1424 interpretatio
787 1393 844 1414 1100
870 1383 974 1414 minus
999 1383 1175 1424 periculum
1200 1395 1237 1415 ex
1264 1395 1378 1426 magna
1402 1385 1486 1415 fama
1511 1395 1603 1425 quam
1631 1396 1670 1416 ex
1694 1386 1785 1416 mala.

176 1427 260 1459 Hinc
293 1428 332 1459 ad
365 1428 575 1469 capessendos
607 1428 813 1470 magistratus
848 1428 881 1458 in
919 1428 1028 1458 urbem
1064 1428 1231 1470 degressus
1269 1429 1442 1460 Domitiam
1470 1429 1690 1470 Doeidianam,
1723 1429 1898 1471 splendidis
1925 1435 1931 1444 “

87 1472 248 1503 natalibus
273 1475 384 1513 ortam,
409 1473 469 1504 sibi
494 1473 604 1504 iunxit.
651 1471 750 1514 quue
774 1473 1013 1504 matrimonium
1039 1473 1078 1503 ad
1103 1474 1221 1504 maiora
1251 1474 1366 1504 nitenti
1391 1474 1485 1505 decus
1510 1485 1547 1506 ac
1570 1474 1668 1505 robur
1691 1474 1761 1505 fuit.
1804 1474 1897 1506 Vixe-

88 1519 225 1558 runtque
257 1517 338 1548 mira
367 1517 534 1549 concordia
562 1528 620 1559 per
648 1520 791 1548 mutuam
816 1518 981 1548 caritatem
1006 1519 1037 1548 et
1061 1518 1094 1548 in
1118 1518 1219 1549 vicem
1244 1529 1276 1549 se
1301 1518 1532 1560 anteponendO,
1561 1519 1621 1550 nisi
1647 1519 1733 1560 quod
1758 1519 1791 1550 in
1815 1519 1897 1550 bona

88 1573 186 1593 uxore
214 1564 303 1593 tanto
333 1563 435 1594 maior
462 1563 541 1603 laus,
569 1564 689 1603 quanto
719 1562 752 1593 in
780 1562 862 1593 mala
892 1563 964 1602 plus
994 1562 1105 1603 culpae
1134 1565 1191 1594 est.
1238 1561 1313 1594 Sors
1339 1566 1527 1604 quaesturae
1556 1564 1752 1605 provinciam
1778 1563 1897 1603 Asiam,

48 1620 73 1639 so
87 1606 310 1648 proconsulem
336 1606 478 1638 Salvium
502 1606 664 1638 Titianum
689 1607 785 1647 dedit,
805 1618 940 1647 quorum
961 1610 1074 1638 neutro
1095 1610 1264 1648 corruptus
1284 1610 1340 1648 est,
1361 1619 1554 1649 quamquam
1575 1611 1606 1639 et
1626 1609 1789 1649 provincia
1809 1609 1896 1639 dives

89 1662 124 1682 ac
151 1653 262 1692 parata
290 1652 503 1692 peccantibuS,
532 1654 563 1683 et
593 1651 765 1693 proconsul
794 1651 826 1682 in
856 1662 983 1683 011111οΠ1
1012 1652 1197 1682 aviditatem
1226 1663 1347 1693 pronus
1373 1653 1572 1694 quantalibet
1595 1653 1750 1684 facilitate
1778 1653 1897 1684 redem-

88 1697 201 1737 pturus
225 1698 309 1727 esset
332 1698 476 1728 mutuam
502 1696 785 1728 dissimulationem
810 1697 893 1727 mali.
933 1696 1055 1727 Auctus
1079 1699 1127 1727 est
1150 1696 1195 1727 ibi
1216 1697 1282 1728 fflia
1301 1698 1332 1728 in
1355 1697 1533 1728 subsidium
1554 1698 1649 1729 simul
1674 1709 1709 1729 ac
1729 1697 1897 1729 solacium:

88 1752 161 1772 nam
185 1741 287 1772 filium
313 1743 385 1772 ante
410 1741 571 1772 sublatum
592 1741 679 1772 brevi
699 1741 815 1772 amisit.
853 1740 928 1772 Mox
950 1741 1033 1772 inter
1053 1744 1256 1782 quaesturam
1276 1752 1311 1772 ac
1331 1742 1529 1773 tribunatum
1549 1742 1652 1783 plebis
1673 1745 1768 1784 atque
1792 1743 1896 1784 ipsum

89 1786 184 1817 etiam
209 1786 390 1817 tribunatus
414 1797 532 1817 annum
558 1786 663 1827 quiete
687 1788 718 1816 et
742 1785 807 1817 otio
833 1786 967 1826 transiit,
991 1796 1108 1827 gnarus
1133 1786 1191 1817 sub
1211 1786 1338 1817 Nerone
1360 1790 1550 1827 temporum,
1570 1787 1685 1828 quibus
1706 1787 1820 1819 inertia
1840 1799 1897 1829 pro

49 1844 73 1863 35
89 1830 245 1872 sapientia
278 1830 346 1862 fuit.
392 1829 479 1862 Idem
513 1833 679 1872 praeturae
712 1833 804 1862 tenor
835 1833 865 1861 et
899 1830 1071 1862 silentium.
1118 1830 1185 1861 Nec
1214 1831 1298 1862 001111
1327 1831 1505 1863 iurisdictio
1535 1831 1721 1863 obvenerat:
1750 1832 1842 1863 ludos
1867 1835 1898 1863 et

90 1876 198 1907 inania
225 1875 354 1906 honoris
382 1875 486 1907 medio
516 1875 648 1907 rationis
677 1878 773 1916 atque
803 1875 1015 1906 abundantiae
1045 1875 1144 1915 duxit,
1169 1876 1216 1906 uti
1239 1875 1334 1917 longe
1358 1888 1376 1907 a
1400 1876 1537 1915 luxuria,
1562 1876 1606 1907 ita
1630 1876 1733 1908 famae
1757 1877 1897 1918 propior.

91 1919 172 1951 Tum
206 1919 324 1950 electus
357 1931 375 1950 a
404 1919 503 1951 Galba
533 1920 571 1951 ad
601 1920 684 1951 dona
716 1919 909 1960 templorum
942 1920 1197 1962 recognoscenda
1234 1920 1479 1962 diligentissima
1513 1921 1747 1962 conquisitione
1780 1922 1898 1962 effecit,

92 1976 130 1996 ne
154 1965 243 1996 cuius
267 1963 396 1995 alterius
421 1965 622 2006 sacrilegium
648 1975 697 1996 res
722 1964 850 2005 publica
873 1975 968 2005 quani
993 1964 1132 1996 Neronis
1157 1966 1315 1996 sensisset.

200 2057 212 2078 l
233 2052 414 2087 professione]
431 2052 591 2086 profexione
606 2056 624 2078 T
671 2055 685 2077 3
702 2052 824 2087 Gnaeus]
840 2055 872 2078 ci
887 2055 914 2084 B,
932 2061 1013 2078 cneus
1029 2055 1061 2084 G.
1083 2052 1170 2078 Cneus
1186 2056 1217 2084 Τ,
1238 2053 1330 2079 Gneus
1345 2056 1367 2078 A
1413 2053 1509 2088 1011115]
1527 2053 1624 2079 Tulius
1640 2057 1680 2079 GT
1726 2054 1897 2080 Foroiulien-

91 2089 173 2124 sium]
194 2088 399 2114 foriuliensium
413 2091 433 2113 Β
489 2091 504 2114 4
524 2088 682 2123 Caesarum]
699 2088 806 2123 Cesaris
822 2090 841 2113 B
897 2089 1042 2122 equestris]
1065 2098 1078 2113 »ι
1100 2088 1236 2121 equestris
1252 2091 1280 2121 G,
1301 2097 1317 2115 a
1332 2098 1399 2115 eras.
1455 2089 1495 2115 illi
1518 2090 1659 2122 Wo'lfflin:
1679 2089 1732 2115 Iuli
1748 2092 1818 2121 ΒΘΤ,
1834 2090 1896 2116 10111

90 2127 112 2150 A
184 2124 348 2159 Graecinus]
369 2123 502 2150 Grecinus
522 2127 566 2149 AG
647 2128 662 2150 5
682 2124 868 2158 eloquentiae]
890 2124 1020 2157 eloq=tiae
1041 2126 1061 2149 G
1152 2124 1216 2159 Gai]
1237 2123 1285 2150 Cai
1305 2127 1339 2157 A,
1360 2124 1379 2151 C
1398 2127 1438 2150 ΒΤ
1535 2128 1549 2151 6
1569 2125 1616 2160 Μ]
1638 2125 1763 2152 Marcum
1783 2128 1826 2151 AG

91 2159 226 2195 Silanum]
248 2159 384 2186 Sillanum
403 2162 459 2191 AG,
485 2160 629 2193 Syllanum
648 2163 679 2192 Τ,
705 2159 849 2186 Sullanum
868 2162 888 2185 B
980 2163 993 2185 7
1018 2160 1207 2195 honestarum]
1233 2160 1388 2187 honestatis
1408 2164 1427 2186 Β
1518 2161 1635 2196 cultum]
1661 2161 1783 2187 culctum
1807 2164 1826 2186 Β

91 2199 106 2222 8
125 2196 287 2230 pueritiam]
307 2195 462 2229 puericiam
481 2199 502 2221 A
570 2195 855 2230 adulescentiamque]
877 2195 1149 2228 adolescentiamque
1169 2198 1253 2221 ABGT
1322 2197 1395 2231 eum]
1417 2198 1510 2222 tamen
1530 2199 1550 2222 B
1630 2201 1659 2223 11
1681 2198 1720 2231 in]
1742 2206 1790 2223 ome
1807 2199 1827 2222 Β

90 2231 297 2266 philosophiae]
317 2231 511 2266 phylosophye
531 2234 564 2264 G,
589 2231 781 2265 phylosophye
801 2235 820 2257 T
908 2235 938 2257 12
960 2231 1137 2266 coercuisset]
1159 2232 1345 2258 cohercuisset
1364 2235 1383 2257 Β
1472 2235 1503 2258 13
1522 2232 1770 2267 pulchritudinem]
1796 2233 1897 2266 pulcri-

90 2267 216 2294 tudinem
235 2270 267 2298 Τ,
286 2267 496 2301 pulchritudine
515 2270 534 2293 Β
589 2267 720 2302 speciem]
741 2267 859 2301 spetiem
880 2270 919 2292 GT
981 2270 1012 2292 14
1031 2267 1212 2302 retinuitque]
1233 2268 1350 2294 retinuit
1369 2271 1388 2293 B
1450 2271 1481 2294 16
1500 2268 1652 2303 Brittania]
1673 2268 1813 2294 Brittania
1834 2281 1847 2293 ι
1869 2272 1896 2300 G,

90 2312 118 2329 m
136 2312 213 2336 eras.⁷
232 2303 371 2329 Brittania
390 2305 418 2335 Β,
439 2303 584 2329 Britannia
602 2306 666 2329 AT?
711 2301 714 2302 ⁷
745 2306 775 2328 17
797 2303 913 2338 electus]
937 2303 1016 2329 elect*
1064 2305 1096 2335 G,
1116 2311 1147 2335 qs
1167 2312 1235 2329 eras.
1300 2304 1473 2339 aestimaret]
1494 2303 1641 2331 estimaret
1660 2307 1678 2329 T
1745 2307 1776 2330 18
1796 2306 1896 2337 neque]

90 2346 141 2364 nee
159 2341 179 2364 B
243 2339 423 2374 commeatus]
445 2341 585 2365 comeatus
605 2342 623 2364 T
687 2339 838 2373 inscitiam]
864 2339 1003 2365 iustitiam
1022 2341 1041 2364 Β
1112 2341 1142 2364 19
1167 2339 1288 2374 rettulit]
1312 2340 1407 2365 retulit
1428 2342 1513 2365 ABGT
1577 2339 1759 2375 provinciam]
1785 2341 1894 2373 prouin*

91 2374 160 2400 tiam
178 2377 200 2400 A
274 2377 305 2400 21
327 2374 513 2409 exercitatior]
535 2374 712 2401 exercitatior
730 2384 748 2400 1
767 2377 788 2400 G
861 2374 1011 2409 Brittania]
1031 2374 1171 2400 Brittania
1190 2377 1222 2406 Β,
1243 2375 1389 2401 Britannia
1410 2378 1472 2401 AT?
1546 2376 1694 2409 intercepti
1715 2377 1896 2402 Puteolanus:

91 2410 237 2444 intersepti
252 2413 337 2436 ABGT
393 2413 425 2436 23
440 2410 611 2445 provinciae]
625 2410 765 2445 prouintie
785 2413 806 2435 A
862 2413 895 2436 26
911 2411 1066 2444 degressus]
1084 2410 1224 2444 digressus
1239 2413 1261 2436 A
1276 2419 1343 2438 corr.
1359 2414 1378 2436 Β
1435 2413 1467 2436 28
1483 2412 1688 2445 anteponendo]
1706 2412 1862 2445 appetendo
1878 2414 1897 2437 B

91 2448 124 2471 30
144 2445 348 2481 proconsulem]
367 2446 565 2472 Procunsulem
585 2448 619 2477 A,
638 2449 736 2480 procos
756 2448 775 2471 Β
840 2446 992 2480 provincia]
1014 2446 1156 2479 prouintia
1176 2448 1197 2471 A
1271 2451 1302 2472 31
1324 2448 1366 2481 ac]
1388 2448 1415 2472 et
1435 2449 1454 2472 Β
1519 2447 1676 2481 proconsul]
1698 2455 1795 2481 procos
1815 2449 1834 2472 Β

92 2481 269 2514 quantalibet
287 2481 435 2516 facilitate]
457 2481 626 2515 quantilibet
645 2481 782 2517 felicitate
802 2484 821 2507 B
877 2485 909 2507 3⁵2
929 2482 1034 2507 Auctus
1055 2483 1097 2507 est
1116 2481 1155 2507 ibi
1175 2481 1241 2516 filia]
1263 2482 1368 2508 Nactus
1389 2485 1430 2508 est
1449 2482 1488 2508 ibi
1509 2482 1594 2508 filiam
1615 2486 1667 2514 GT,
1686 2483 1733 2508 secl
1753 2484 1780 2509 ιή
1798 2485 1818 2507 G
1833 2483 1895 2508 add.

92 2525 158 2543 corr.
174 2518 205 2543 in
224 2518 347 2552 maryine
366 2517 446 2543 Auct'
462 2521 476 2543 0
496 2518 536 2543 ibi
556 2517 613 2543 filia
686 2518 728 2552 30]
750 2520 779 2544 et
797 2519 840 2542 AB
913 2517 1057 2551 solacium]
1080 2516 1210 2543 solatium
1230 2520 1295 2543 ABG
1368 2521 1401 2543 33
1422 2519 1610 2552 quaesturam]
1632 2520 1743 2552 pretun‘i
1764 2520 1897 2551 questura

91 2556 113 2578 A
186 2552 228 2587 ac]
250 2555 278 2579 et
296 2555 315 2578 B
398 2557 430 2579 34
450 2553 556 2588 quiete]
581 2553 682 2586 quietis
703 2556 722 2578 B
803 2553 870 2587 otio]
897 2554 957 2579 ocio
977 2556 1042 2578 ABG
1123 2553 1246 2588 transiit]
1272 2554 1372 2579 transit
1393 2556 1456 2579 AGT
1538 2554 1704 2588 temporum]
1730 2554 1786 2587 ipm
1807 2556 1826 2578 B

92 2610 124 2633 35
145 2607 305 2677 praeturae]
323 2595 452 2642 111-3011110
473 2610 493 2632 G
552 2608 631 2633 tenor
650 2607 814 2634 Rhenanus:
835 2606 935 2633 certior
954 2609 1039 2632 ABGT
1113 2607 1273 2642 obvenerat]
1294 2609 1321 2634 et
1337 2607 1489 2634 obuenerat
1509 2610 1527 2633 B
1588 2611 1620 2633 36
1641 2606 1767 2640 rationis]
1789 2606 1896 2643 luxurie

92 2646 110 2669 Β
183 2645 296 2678 propior
326 2644 452 2677 proprior
471 2646 490 2669 Β
564 2645 595 2668 37
616 2642 710 2675 effecit
730 2643 875 2670 Heinsius:
895 2642 962 2669 fecit
983 2644 1066 2668 ABGT
1140 2645 1172 2668 38
1193 2643 1281 2677 cuius]
1303 2643 1392 2669 cuiuis
1412 2645 1430 2668 Β

1544 2690 1577 2713 2.
