2112 2891
79 218 165 242 ABGT
658 215 826 242 CORNELH
847 215 964 242 TACITI
985 215 1190 242 AGRICOLAE
1212 219 1315 242 42â€”45
1857 215 1893 244 19

78 309 147 330 esse
171 298 425 339 obsequiumque
449 308 485 328 ac
510 297 709 338 modestiam,
733 297 759 328 si
784 297 941 329 industria
965 308 1000 329 ac
1024 298 1116 339 vigor
1140 298 1254 338 adsint,
1278 309 1314 328 eo
1340 297 1442 329 laudis
1467 297 1642 338 escendere,
1667 308 1729 338 quo
1750 297 1893 338 plerique

77 354 135 384 per
158 342 294 384 abrupta
318 343 381 373 nisi
406 342 439 373 in
461 343 588 373 nullum
611 342 657 373 rei
682 341 828 382 publicae
852 354 943 373 usum
970 342 1141 373 ambitiosa
1165 345 1267 373 morte
1290 343 1517 374 inclaruerunt.

188 387 278 419 Finis
307 388 391 418 vitae
420 387 487 418 eius
517 387 609 417 nobis
638 387 817 427 luctuosus,
846 387 957 418 amicis
986 387 1101 427 tristis,
1129 388 1287 418 extraneis
1312 388 1406 418 etiam
1429 387 1614 429 ignotisque
1638 397 1702 418 non
1728 386 1795 417 sine
1819 396 1894 418 cura
1909 388 1947 415 43

77 431 148 463 fuit.
180 431 306 473 Vulgus
328 442 456 472 quoque
475 432 507 462 et
526 430 579 462 hic
598 431 684 463 aliud
705 442 801 473 agens
821 432 959 473 populus
984 434 1015 462 et
1040 432 1233 463 ventitavere
1258 432 1297 463 ad
1321 432 1450 463 domum
1475 434 1506 462 et
1529 442 1587 472 per
1609 431 1679 462 fora
1702 432 1734 462 et
1757 430 1893 463 circulos

52 476 179 508 slocuti
210 478 293 508 sunt.
339 476 408 507 Nec
439 475 608 517 quisquam
639 476 747 507 audita
778 478 880 507 morte
912 477 1081 518 Agricolae
1112 480 1167 507 aut
1197 476 1332 508 laetatus
1369 480 1416 508 est
1449 478 1504 508 aut
1537 476 1646 506 statim
1680 475 1808 506 oblitus.
1851 474 1894 506 Et

77 521 215 563 augebat
244 522 482 552 miserationem
515 523 665 552 constans
700 531 810 552 rumor
839 532 958 553 veneno
987 522 1213 562 interceptum:
1248 521 1340 552 nobis
1368 521 1450 552 nihil
1479 521 1647 562 comperti,
1674 523 1708 552 ut
1736 520 1893 551 affirmare

77 566 189 598 ausim.
237 565 384 598 Ceterum
413 576 470 606 per
498 576 625 596 omnem
655 565 864 596 valitudinem
893 566 959 597 eius
988 566 1129 597 crebrius
1159 578 1253 607 quam
1283 577 1320 597 ex
1350 577 1438 597 more
1462 566 1660 607 principatus
1683 576 1740 606 per
1763 564 1893 596 nuntios

77 611 210 642 visentis
241 613 272 642 et
302 610 491 642 libertorum
522 610 617 651 primi
646 612 678 641 et
705 609 900 641 medicorum
931 611 1037 642 intimi
1066 622 1191 651 venere,
1221 612 1286 642 sive
1315 621 1390 642 cura
1418 611 1495 642 illud
1526 611 1591 641 sive
1621 609 1787 651 inquisitio
1817 611 1892 640 erat.

78 655 233 696 Supremo
263 655 392 697 quidem
423 655 474 687 die
502 656 664 686 momenta
693 655 762 695 ipsa
793 655 967 686 deficientis
996 666 1052 696 per
1077 656 1249 697 dispositos
1274 666 1417 687 cursores
1441 655 1588 686 nuntiata
1613 654 1781 686 constabat
1804 655 1893 685 nullo

38 713 63 732 10
79 700 225 732 credente
249 701 295 732 sic
318 699 494 740 accelerari,
519 710 599 740 quae
624 700 725 731 tristis
746 700 878 731 audiret.
923 700 1065 741 Speciem
1089 703 1195 731 tamen
1216 700 1333 731 doloris
1354 700 1467 731 habitu
1489 699 1643 740 vultuque
1662 709 1738 740 prae
1757 710 1790 730 se
1810 698 1894 735 tulit,

78 756 208 776 securus
232 746 295 776 iam
320 745 385 776 odii
411 746 450 784 et,
476 745 531 786 qui
556 744 684 776 facilius
710 744 924 776 dissimularet
949 745 1099 787 gaudium
1125 756 1219 785 quani
1240 747 1365 776 metum.
1410 744 1493 775 Satis
1514 744 1680 775 constabat
1699 744 1780 775 lecto
1801 745 1894 775 testa-

78 792 186 821 mento
206 789 385 832 Agricolae,
409 799 472 830 quo
497 789 683 821 coheredem
709 790 848 830 optimae
873 790 964 820 uxori
989 792 1019 821 et
1045 790 1206 831 piissimae
1228 790 1312 820 filiae
1333 789 1552 820 Domitianum
1573 789 1721 829 scripisit,
1740 788 1894 819 laetatum

77 846 150 866 eum
169 835 258 866 velut
275 834 397 866 honore
417 834 607 875 iudicioque.
641 833 719 865 Tam
741 845 833 865 caeca
853 837 885 866 et
905 838 1055 876 corrupta
1079 845 1168 866 mens
1192 834 1326 865 assiduis
1351 833 1588 865 adulationibus
1608 835 1684 874 erat,
1703 835 1740 864 ut
1758 833 1894 864 nesciret

77 891 96 911 a
118 879 204 911 bono
228 881 319 920 patre
342 890 408 910 non
430 879 526 911 scribi
551 878 697 910 heredem
722 879 783 910 nisi
809 879 927 910 malum
953 880 1137 920 principem.

39 936 62 956 15
188 924 293 955 Natus
318 926 386 956 erat
411 923 562 966 Agricola
582 923 660 955 Gaio
683 923 817 956 Caesare
842 926 967 955 tertiicm
991 924 1120 955 consule
1145 923 1248 954 idibus
1274 922 1388 954 Iuniis:
1412 923 1546 954 excessit
1570 924 1660 954 sexto
1685 924 1716 953 et
1739 923 1893 963 quinqua-
1908 926 1945 952 44

78 969 199 1011 gesimo
229 980 312 1000 anno
341 968 464 1000 decimo
494 968 564 999 Kal.
589 968 791 1009 Septembres
818 968 950 1010 Collega
974 968 1147 1010 Priscoque
1176 968 1367 1000 consulibus.
1416 967 1507 1004 Quod
1536 968 1562 998 si
1591 967 1735 998 habitum
1767 978 1893 1008 quoque

78 1013 146 1045 eius
169 1014 290 1055 posteri
315 1024 446 1045 noscere
470 1013 583 1053 velint,
608 1013 769 1044 decentior
793 1024 888 1054 quam
914 1013 1080 1045 sublimior
1103 1014 1177 1045 fuit:
1207 1013 1287 1044 nihil
1312 1015 1414 1044 metus
1440 1013 1470 1043 in
1495 1013 1600 1051 vultu,
1629 1012 1731 1054 gratia
1755 1012 1820 1042 oris
1844 1023 1894 1042 su-

77 1061 211 1100 pererat.
246 1058 371 1089 Bonum
397 1058 502 1090 virum
525 1057 620 1089 facile
644 1058 796 1098 crederes,
822 1070 972 1100 magnum
998 1058 1142 1090 libenter.
1190 1058 1232 1088 Et
1256 1058 1323 1098 ipse
1348 1057 1489 1098 quidem,
1515 1068 1707 1098 quamquam
1732 1056 1836 1088 medio
1862 1056 1894 1086 in

77 1103 183 1145 spatio
208 1103 351 1146 integrae
376 1103 489 1134 aetatis
514 1104 652 1144 ereptus,
677 1106 830 1144 quantum
856 1104 895 1135 ad
914 1103 1059 1145 gloriam,
1079 1103 1302 1145 longissimum
1323 1113 1434 1133 aevum
1454 1102 1578 1143 peregit
1621 1101 1746 1142 Quippe
1765 1103 1796 1132 et
1820 1111 1894 1131 vera

36 1160 62 1185 2q
76 1148 170 1189 bona,
195 1159 275 1189 quae
299 1148 333 1179 in
356 1148 530 1179 virtutibus
555 1148 617 1179 sita
641 1150 724 1187 simt,
750 1149 945 1190 impleverat,
970 1150 1001 1179 et
1025 1149 1181 1179 consulari
1206 1159 1243 1179 ac
1265 1146 1514 1187 triumphalibus
1535 1146 1729 1177 ornamentis
1748 1145 1893 1187 praedito

77 1192 154 1234 quid
178 1192 265 1224 aliud
289 1193 451 1224 adstruere
475 1193 603 1224 fortuna
628 1194 776 1234 poterat?
810 1193 933 1234 Opibus
962 1193 1069 1224 nimiis
1098 1204 1161 1224 non
1191 1192 1361 1234 gaudebat:
1391 1191 1552 1232 speciosae
1580 1201 1656 1222 sane
1685 1191 1894 1232 contigerant.

76 1237 158 1270 Filia
182 1240 278 1279 atque
302 1248 400 1268 uxore
425 1237 651 1278 superstitibus
676 1240 783 1278 potest
806 1238 905 1269 videri
930 1239 1025 1269 etiam
1046 1238 1158 1268 beatus
1178 1237 1329 1268 incolumi
1351 1236 1515 1278 dignitate,
1535 1236 1667 1266 florente
1686 1236 1780 1275 fama,
1799 1234 1894 1266 salvis

77 1282 297 1314 adfinitatibus
325 1284 357 1313 et
385 1282 536 1314 amicitiis
566 1282 673 1314 futura
702 1282 860 1323 effugisse.
906 1282 989 1313 Nam
1020 1283 1113 1313 sicuti
1141 1293 1204 1313 riori
1234 1281 1320 1312 licuit
1350 1281 1377 1311 ci
1408 1281 1520 1311 durare
1550 1281 1581 1311 in
1610 1281 1692 1311 hanc
1720 1279 1894 1311 beatissimi

77 1327 195 1359 saeculi
219 1327 322 1359 lucem
347 1338 383 1358 ac
406 1327 583 1368 principem
608 1326 780 1358 Traianum
807 1327 925 1369 videre,
950 1327 1035 1368 quod
1060 1327 1192 1368 augurio
1218 1326 1364 1366 votisque
1389 1325 1473 1366 apud
1502 1326 1626 1356 nostras
1655 1335 1746 1356 aures
1775 1324 1894 1356 omina-

37 1383 61 1402 35
79 1372 180 1412 batur,
211 1372 256 1403 ita
284 1371 454 1403 festinatae
483 1372 595 1403 mortis
627 1372 747 1413 grande
778 1372 933 1404 solacium
965 1372 1040 1403 tulit
1072 1372 1207 1402 evasisse
1238 1373 1433 1411 postremum
1462 1369 1542 1401 illud
1570 1371 1710 1410 tempus,
1739 1380 1801 1410 quo
1830 1368 1895 1400 Do-

76 1417 229 1448 mitianus
253 1427 319 1448 non
342 1417 406 1447 iam
430 1428 488 1458 per
512 1417 679 1448 intervalla
703 1428 738 1448 ac
763 1418 957 1458 spiramenta
982 1419 1175 1457 temporum,
1205 1416 1259 1446 sed
1288 1415 1440 1446 continuo
1470 1417 1501 1445 et
1529 1413 1616 1445 velut
1644 1424 1708 1445 uno
1737 1414 1803 1445 ictu
1828 1423 1893 1444 rem

77 1461 238 1503 publicam
268 1461 424 1492 exhausit.
471 1460 546 1492 Non
575 1462 656 1493 vidit
681 1461 834 1503 Agricola
863 1462 1024 1493 obsessam
1055 1462 1173 1492 curiam
1203 1463 1234 1491 et
1261 1459 1404 1490 clausum
1433 1460 1530 1490 armis
1563 1461 1704 1490 senatum
1731 1461 1762 1489 et
1785 1458 1893 1489 eadem
1910 1463 1946 1488 45

77 1508 184 1549 strage
208 1508 257 1538 tot
281 1506 497 1538 consularium
521 1506 640 1547 caedes,
665 1509 714 1538 tot
737 1507 1011 1538 nobilissimarum
1035 1506 1225 1538 feminarum
1246 1505 1339 1535 exilia
1359 1506 1390 1535 et
1409 1503 1509 1545 fugas.
1548 1503 1619 1534 Una
1639 1503 1741 1534 adhuc
1760 1503 1894 1534 victoria

79 1550 178 1583 Carus
197 1551 327 1583 Mettius
348 1551 545 1590 censebatur,
570 1553 602 1583 et
625 1552 709 1582 intra
728 1551 884 1583 Albanam
906 1562 1010 1582 arcem
1032 1550 1190 1582 sentent-ia
1210 1549 1372 1580 Messalini
1392 1548 1561 1589 strepebat,
1581 1550 1613 1579 et
1632 1547 1736 1578 Massa
1756 1547 1894 1579 Baebius

38 1606 64 1625 :io
79 1595 176 1628 etiam
201 1598 270 1628 tum
294 1607 366 1627 reus
392 1597 459 1627 erat
504 1595 579 1627 Mox
605 1599 734 1627 nostrae
759 1596 875 1628 duxere
895 1595 1079 1627 Helvidium
1104 1595 1137 1626 in
1161 1605 1316 1627 carcerem
1341 1604 1452 1624 manus
1477 1603 1534 1623 nos
1554 1592 1686 1624 Maurici
1706 1591 1894 1634 Rusticique

78 1641 229 1672 iudicium
252 1642 453 1681 exercuimus,
478 1652 536 1671 nos
560 1641 723 1672 innocenti
750 1643 904 1683 sanguine
925 1640 1055 1671 Senecio
1074 1639 1227 1680 perfudit.
1263 1638 1349 1669 Nero
1373 1640 1479 1669 tamen
1504 1637 1663 1668 subtraxit
1687 1637 1796 1668 oculos
1820 1647 1894 1668 suos

187 1768 197 1791 1
221 1765 369 1791 escendere
389 1765 517 1800 Lipsius:
538 1765 671 1791 excedere
692 1768 778 1790 ABGT
870 1768 883 1790 2
906 1764 959 1790 nisi
979 1765 1089 1797 scripsi:
1110 1763 1159 1788 sed
1179 1765 1264 1788 ABGT
1345 1761 1372 1787 in
1392 1761 1498 1786 nullum
1519 1761 1557 1786 rei
1577 1760 1707 1794 publicae
1727 1769 1806 1786 usum
1828 1762 1893 1787 Mn-

79 1805 163 1828 retus:
189 1801 219 1826 in
241 1800 331 1826 ullum
354 1801 393 1827 rei
418 1800 549 1834 publicae
573 1809 655 1826 usum
675 1804 703 1833 Î¤,
732 1801 761 1827 in
784 1800 873 1826 ullum
898 1801 937 1826 rei
961 1801 1025 1834 post
1048 1808 1127 1825 usum
1148 1800 1224 1830 ABGÍ¾
1249 1799 1279 1824 in
1299 1800 1321 1823 A
1340 1797 1403 1823 add.
1426 1798 1455 1822 in
1474 1797 1597 1830 Â»zarqirze
1616 1797 1652 1822 At
1672 1797 1701 1822 in
1718 1796 1825 1822 nullum
1844 1799 1894 1830 ref)

79 1845 168 1868 usum,
187 1837 217 1863 in
238 1839 258 1862 G
277 1837 326 1863 sed
345 1840 357 1862 i
375 1836 435 1862 ullu
455 1845 483 1862 re
504 1839 522 1870 á¾—
541 1845 630 1869 usum,
650 1838 680 1863 in
695 1840 714 1862 T
733 1837 762 1862 in
781 1836 889 1862 nullum
909 1836 948 1862 rei
968 1835 1097 1869 publicae
1117 1843 1196 1860 usum
1306 1837 1321 1858 4
1341 1832 1469 1867 circulos]
1494 1840 1543 1866 per
1567 1832 1684 1858 circulos
1704 1834 1723 1856 B
1823 1835 1838 1857 5
1860 1832 1894 1858 Et

77 1891 189 1925 scripsi:
206 1891 249 1916 est
263 1892 362 1917 ABGT
436 1893 452 1917 6
471 1890 671 1925 interceptum]
687 1890 836 1923 intercepti
852 1893 870 1915 T
886 1898 918 1916 eir
933 1898 999 1916 corr.
1064 1887 1155 1922 nobis]
1171 1876 1249 1913 nbbis
1269 1890 1298 1913 A.
1319 1889 1342 1912 et
1362 1887 1390 1912 in
1411 1886 1534 1920 marrqz'ne
1554 1885 1579 1911 S.
1595 1885 1612 1911 l.
1629 1887 1657 1918 (i.
1673 1893 1693 1912 e.
1710 1885 1749 1911 sic
1768 1884 1842 1919 lego)

77 1926 158 1953 nobis
177 1925 247 1952 nihil
266 1926 414 1961 comperti]
433 1934 483 1953 om.
499 1929 518 1951 T
600 1930 635 1953 ut
654 1927 716 1952 add.
738 1926 851 1952 issarius
946 1928 959 1950 7
981 1924 1121 1958 Ceterum]
1141 1923 1285 1949 Coetemm
1305 1925 1334 1954 A,
1355 1923 1477 1962 ceterum
1496 1923 1515 1946 B
1600 1920 1798 1956 valitudinem]
1817 1919 1892 1946 uale-

78 1980 205 2006 tudinem
230 1982 250 2005 G
273 1989 307 2006 711.
324 1989 368 2013 pr.
477 1979 600 2014 nuntios]
625 1980 740 2005 nuncios
766 1982 787 2004 A
896 1982 911 2005 8
932 1978 1056 2012 visentis]
1075 1977 1198 2003 uisci-itis
1218 1978 1245 2007 Î’,
1265 1964 1386 2001 niseniiâ€”is
1407 1978 1426 2000 G
1513 1977 1528 2000 9
1553 1974 1714 2009 dispositos]
1734 1982 1784 2000 om.
1799 1977 1818 2000 T

78 2015 219 2050 nuntiata]
238 2015 372 2041 nunciata
392 2018 414 2040 A
487 2015 646 2050 constabat]
667 2015 833 2041 constabant
852 2017 894 2040 AB
970 2017 1000 2040 10
1020 2013 1158 2047 Speciem]
1175 2012 1292 2045 spetiem
1308 2014 1327 2036 G
1400 2010 1499 2036 habitu
1519 2010 1678 2036 Ernestius:
1698 2010 1791 2036 animo
1808 2012 1893 2035 ABGT

167 2055 200 2077 11
222 2051 380 2086 constabat]
401 2052 432 2077 in
452 2054 472 2077 G
491 2051 555 2078 add.
573 2052 600 2077 in
621 2052 745 2085 maryz'ne
769 2052 859 2077 costat
952 2053 982 2075 13
1004 2049 1098 2083 caeca]
1120 2056 1200 2074 coeca
1222 2050 1255 2078 A,
1275 2047 1320 2073 secl
1339 2055 1354 2072 0
1375 2050 1509 2079 eirpunctâ€ž
1529 2053 1594 2071 ceca
1613 2047 1663 2071 BG.
1684 2046 1717 2071 Iri
1738 2048 1760 2070 A
1779 2046 1842 2072 add.
1865 2047 1891 2070 Î¹á¼°Î¹

78 2106 202 2140 margine
221 2096 233 2131 á¼“
288 2104 422 2139 assiduis]
442 2105 568 2131 adsiduis
589 2107 608 2130 B
666 2108 697 2130 15
718 2104 799 2139 Gaio]
820 2104 886 2130 Caio
902 2106 923 2128 A
978 2103 1105 2129 tertium
1132 2102 1258 2128 Ursinus:
1278 2101 1321 2126 ter
1335 2102 1420 2125 ABGT
1477 2102 1508 2125 16
1529 2099 1648 2133 decimo]
1669 2099 1777 2125 decimu
1799 2101 1826 2129 G,
1847 2098 1892 2124 de-

79 2149 190 2167 cumum
209 2144 228 2166 T
300 2140 375 2175 Kak]
394 2140 447 2166 kin
467 2143 497 2173 A,
524 2140 591 2166 kias
611 2143 640 2172 G,
664 2140 800 2166 kalendas
820 2143 860 2165 T?
935 2138 1123 2172 Septembres]
1149 2137 1264 2170 Septetr
1287 2138 1315 2167 B,
1339 2136 1479 2169 septembr
1503 2137 1531 2166 G,
1556 2134 1722 2168 septembris
1745 2137 1807 2160 Î”Î¤.)

79 2176 239 2212 Priscoque]
259 2176 395 2210 Piscoque
415 2179 434 2201 B
528 2179 558 2201 17
579 2177 681 2211 metus]
705 2178 796 2211 metus
821 2177 848 2201 et
871 2176 992 2209 impetus
1012 2177 1040 2201 B.
1065 2174 1185 2206 impetus
1206 2175 1278 2200 AGT,
1304 2172 1350 2197 scd
1373 2173 1401 2197 in
1422 2172 1464 2197 his
1483 2171 1619 2197 codicibus
1637 2171 1700 2197 adel.
1722 2171 1752 2196 in
1772 2171 1893 2205 maryinc

79 2213 169 2239 metus
262 2215 294 2238 19
315 2212 418 2247 spatio]
439 2212 533 2246 spacio
554 2214 575 2237 A
662 2213 737 2247 vera]
758 2212 844 2238 uerba
863 2214 882 2236 T
962 2213 994 2235 â€˜20
1015 2210 1091 2244 sunt]
1116 2218 1165 2234 om.
1181 2210 1200 2233 B
1296 2211 1327 2233 21
1349 2207 1490 2240 speciosae
1509 2214 1576 2232 sane
1601 2206 1783 2239 contigerant.
1821 2205 1892 2231 Filia

80 2249 164 2282 atque
193 2256 278 2274 uxore
305 2249 414 2281 scripsi:
444 2248 588 2282 speciosae
616 2256 671 2274 non
707 2248 881 2281 contigerant
910 2246 967 2272 filia
996 2247 1079 2278 atque
1103 2252 1186 2270 uxore
1207 2246 1256 2274 AT.
1290 2243 1410 2276 spetiose
1439 2251 1493 2267 non
1522 2241 1698 2275 contigerant
1722 2242 1780 2267 filia
1808 2243 1892 2274 atque

79 2292 165 2310 uxore
187 2287 215 2314 G,
240 2283 362 2318 spetiose
380 2292 436 2310 non
456 2284 651 2317 contingerant
675 2283 733 2309 filia
758 2285 842 2316 atque
866 2290 950 2308 uxore
970 2284 997 2310 B.
1027 2282 1055 2306 iÂ»
1076 2282 1139 2305 AGT
1160 2279 1222 2306 add.
1243 2280 1272 2304 in
1293 2279 1414 2312 maryinc
1439 2277 1581 2311 speciosae
1602 2277 1733 2312 [spetiose
1754 2278 1785 2311 G]
1806 2277 1891 2303 conti-

80 2321 179 2354 gerant
201 2319 260 2345 fihâ€˜a
284 2321 368 2353 atque
393 2320 488 2345 uxoris
508 2320 573 2354 [uxo
593 2319 627 2354 A]
701 2322 733 2344 22
760 2318 870 2352 beatus]
891 2318 979 2343 beatis
1001 2320 1020 2341 G
1111 2319 1143 2341 23
1164 2314 1369 2348 adfinitatibus]
1389 2312 1573 2339 affinitatibus
1593 2315 1657 2338 AGT
1748 2312 1891 2346 amicitiis]

119 2361 141 2375 el

80 2382 189 2408 amiciis
203 2385 226 2407 A
313 2381 397 2408 sicuti
411 2390 467 2408 non
483 2382 561 2408 licuit
579 2382 605 2407 ei
623 2381 723 2407 durare
738 2381 848 2414 scripsi:
870 2379 952 2406 sicuti
968 2380 1067 2404 durare
1082 2380 1167 2402 ABGT
1253 2376 1324 2402 hanc
1339 2375 1493 2402 beatissimi
1509 2374 1613 2401 saeculi
1628 2375 1718 2400 lucem
1733 2375 1890 2401 Acidalius:

80 2418 132 2444 hac
151 2417 309 2444 beatissimi
329 2417 415 2443 seculi
436 2417 497 2442 luce
516 2419 602 2442 ABGT
675 2420 709 2442 â¶24
729 2416 890 2449 Traianum]
907 2414 1050 2441 Traiarum
1066 2416 1094 2445 B,
1114 2415 1261 2445 trayanum
1281 2415 1300 2437 T
1374 2411 1463 2445 aures]
1485 2410 1559 2436 auris
1579 2413 1598 2435 B
1671 2413 1704 2435 25
1724 2410 1840 2444 grande]
1863 2411 1889 2435 iu

80 2456 125 2479 AG
144 2453 208 2480 add.
223 2454 254 2479 in
273 2454 397 2487 maryine
415 2452 455 2478 A}
475 2460 560 2486 graue
634 2452 768 2478 solacium
788 2455 839 2477 â€™.ÎÎ¹
865 2451 996 2476 solatium
1015 2451 1080 2474 ABG
1153 2451 1186 2474 26
1205 2447 1293 2481 velut]
1312 2449 1340 2473 iri
1363 2450 1382 2472 G
1402 2446 1465 2472 add.
1481 2447 1509 2472 in
1531 2447 1652 2480 maryinc
1675 2445 1720 2471 uel
1795 2448 1826 2470 27
1847 2452 1890 2470 ex-

80 2489 187 2524 hausit]
208 2489 238 2514 in
258 2491 278 2514 G
297 2488 361 2514 add.
376 2489 407 2514 iri
425 2489 549 2523 margsirie
568 2488 662 2513 hausit
743 2487 880 2521 clausum]
901 2486 1005 2512 elusum
1026 2487 1089 2510 AGT
1181 2486 1213 2509 28
1234 2482 1411 2516 feminarum]
1431 2482 1613 2507 foeminarum
1633 2484 1654 2506 A
1741 2483 1774 2506 -29
1794 2480 1891 2515 Carus]

81 2524 181 2551 charus
196 2526 226 2556 A,
242 2523 334 2550 clarus
348 2526 368 2549 B
424 2524 538 2550 Mettius
554 2526 576 2549 A
590 2532 727 2557 suprascr.
744 2526 764 2548 G
778 2532 829 2557 my.
845 2525 863 2547 T
878 2531 942 2557 my:
963 2521 1058 2547 mitius
1073 2522 1158 2545 ABGT
1215 2518 1318 2553 arcem]
1338 2519 1368 2544 in
1384 2520 1446 2543 AGT
1466 2517 1529 2543 add*
1549 2518 1580 2543 iri
1599 2518 1721 2550 maryine
1741 2516 1839 2542 uillam

81 2560 215 2595 Baebius]
242 2559 341 2586 bebius
364 2562 421 2592 AG,
446 2559 562 2586 boebius
582 2561 601 2584 B
693 2562 726 2585 30
751 2558 847 2593 etiam]
871 2558 927 2583 iam
948 2560 982 2588 A,
1002 2565 1050 2582 Om.
1067 2557 1086 2580 Î’
1178 2562 1227 2580 nos
1252 2554 1368 2580 Maurici
1389 2552 1552 2585 Rusticique
1573 2553 1703 2578 iudicium
1723 2553 1890 2578 exercuimus

81 2597 190 2630 scripsi:
214 2604 263 2622 nos
283 2595 401 2622 Maurici
426 2595 589 2628 Rusticique
613 2595 690 2620 uisus
710 2596 805 2622 ABGT,
827 2595 856 2620 in
877 2596 941 2619 AGT
960 2593 1023 2619 add.
1041 2593 1067 2617 in
1089 2592 1212 2625 mafryine
1238 2598 1285 2615 nos
1310 2589 1463 2615 mauricum
1485 2588 1628 2622 [mauricis
1650 2588 1682 2622 A]
1702 2588 1889 2620 rusticumque

81 2631 229 2658 diuisimus
303 2633 334 2657 31
357 2631 471 2658 Senecio
490 2634 545 2658 TÎ‡?Í¾
564 2630 670 2657 senetio
691 2632 756 2656 ABG
