2112 2891
61 730 86 749 10

60 954 85 974 15

59 1179 85 1199 20

59 1403 84 1423 25

58 1629 84 1648 50

108 234 190 258 usbt
684 231 854 258 CORNELH
873 232 992 258 TACiTI
1011 232 1215 259 AGRICOLAE
1235 236 1339 260 37-40
1876 234 1914 265 17

104 313 305 354 sequentium
330 313 475 345 incautos
499 313 624 344 collecti
649 315 681 345 et
704 313 847 345 locorum
871 315 962 356 gnari
987 314 1285 346 circumveniebant.
1333 315 1424 353 Quod
1448 316 1480 347 ni
1503 315 1653 357 frequens
1682 315 1800 357 ubique
1824 316 1915 358 Agri-

104 359 174 390 cola
197 357 317 389 validas
342 360 374 390 et
397 357 561 400 expeditas
587 357 734 390 cohortes
759 358 918 400 indaginis
947 359 1042 390 modo
1071 361 1116 400 et,
1145 360 1247 391 sicubi
1277 360 1395 391 artiora
1424 362 1527 402 erant,
1555 362 1678 402 partem
1703 361 1847 402 equitum
1872 360 1916 391 di-

103 402 209 435 missis
240 403 343 444 equis,
376 403 473 434 simul
502 402 638 434 rariores
670 402 765 434 silvas
797 404 937 444 equitem
969 404 1145 445 persultare
1177 405 1333 446 iussisset,
1362 387 1527 455 acceptuni
1558 404 1687 446 aliquod
1716 405 1832 436 vulnus
1861 416 1917 446 per

102 448 235 479 nimiam
259 447 409 479 fiduciam
433 448 525 479 foret.
573 447 721 479 Ceterum
741 448 796 479 ubi
821 449 1016 489 compositos
1041 449 1141 480 firmis
1167 431 1333 481 ordinibus
1356 451 1445 491 sequi
1470 461 1578 481 rursus
1603 450 1724 491 vider,e
1749 451 1782 481 in
1805 450 1915 492 fugam

100 493 184 524 versi
208 503 273 524 non
297 493 490 535 agminibUS,
513 494 550 523 ut
574 493 671 534 prius,
694 503 753 524 1100
777 493 858 524 01105
883 494 979 524 alium
1006 496 1229 535 respectantes,
1248 495 1310 525 rari
1331 497 1362 526 et
1381 495 1546 526 vitabundi
1567 495 1601 526 in
1619 495 1720 526 vicem
1740 494 1916 537 longinqua

102 539 198 579 atque
217 538 287 569 avia
307 538 434 579 petiere.
467 536 555 568 Finis
575 538 728 578 sequendi
747 549 812 569 nox
832 540 864 569 et
883 537 1012 569 satietas
1032 539 1101 570 fuit.
1136 538 1234 570 Caesa
1254 540 1395 571 hostium
1416 540 1455 570 ad
1479 540 1584 571 decem
1611 539 1708 580 milia,
1732 542 1914 571 nostrorum

101 583 235 613 trecenti
259 583 427 624 sexaginta
450 582 603 623 cecidere,
628 582 659 613 in
685 583 756 623 quis
781 582 884 613 Aulus
909 582 1035 614 Atticus
1065 584 1243 624 praefectus
1272 584 1426 625 cohortis,
1451 584 1582 615 iuvenili
1606 584 1718 615 ardore
1743 586 1774 616 et
1797 584 1916 615 ferocia

101 627 175 668 equi
199 627 346 659 hostibus
371 627 497 658 inlatus.

213 672 256 703 Et
279 683 343 704 nox
368 672 497 713 quidem
522 671 639 714 gaudio
664 672 844 713 praedaque
868 673 951 704 laeta
975 673 1163 704 victoribus:
1188 673 1350 705 Brittanni
1375 675 1519 715 palantes
1540 674 1641 705 mixto
1662 674 1803 705 virorum
1824 673 1915 704 muli-
1932 680 1968 706 :38

101 728 254 758 erumque
278 717 406 758 ploratu
430 716 555 748 trahere
578 717 771 757 1010010105,
796 728 908 748 vocare
932 717 1084 759 integros,
1109 718 1251 749 deserere
1272 718 1384 750 domos
1404 730 1440 750 ac
1460 730 1516 759 per
1536 719 1614 750 iram
1635 719 1720 750 ultro
1741 718 1916 759 incendere,

101 761 218 804 eligere
242 761 380 793 latebras
405 763 436 792 et
460 762 569 792 statim
594 761 782 802 relinquere,
807 763 940 793 miscere
964 762 995 792 in
1016 763 1117 793 vicem
1138 763 1270 794 consilia
1294 764 1449 804 factaque,
1474 763 1546 806 dein
1567 775 1721 804 separare,
1743 763 1915 804 aliquando

100 807 206 849 frangi
236 808 366 848 aspectu
398 806 569 848 pignorum
602 817 745 846 suorum,
778 807 903 848 saepius
937 807 1098 838 concitari.
1153 807 1301 848 Satisque
1333 808 1501 839 constabat
1532 809 1668 839 saevisse
1699 808 1853 849 quosdam
1883 808 1915 839 in

100 852 253 893 coniuges
273 862 309 882 ac
328 851 456 892 liberos,
476 854 639 892 tamquam
660 852 895 882 misererentur.
928 851 1097 883 Proximus
1118 852 1185 883 dies
1204 853 1318 884 faciem
1340 853 1492 884 victoriae
1512 852 1608 884 latius
1628 853 1764 894 aperuit:
1789 855 1915 884 vastum

100 896 220 937 ubique
248 895 426 937 silentium,
456 896 572 928 deserti
596 897 706 937 001105,
729 896 887 927 fumantia
910 896 1023 938 procul
1047 899 1144 937 tecta,
1169 908 1262 928 nemo
1287 897 1542 938 exploratoribus
1567 898 1688 929 obvius.
1736 897 1858 935 Quibus
1883 898 1915 929 in

101 952 228 973 omnem
252 943 376 982 partem
401 941 555 982 dimissis,
580 941 634 972 ubi
659 942 780 972 incerta
803 941 898 983 fugae
922 942 1057 983 vestigia
1081 953 1184 982 neque
1208 953 1342 983 usquam
1368 943 1553 984 conglobari
1579 942 1686 974 hostes
1716 945 1914 984 compertum

100 984 147 1028 (et
179 989 290 1017 exacta
323 986 386 1017 iam
420 988 540 1017 aestate
573 985 681 1028 spargi
714 986 832 1017 bellum
864 986 1045 1027 nequibat),
1075 987 1107 1018 in
1134 987 1207 1018 finis
1237 987 1443 1018 Borestorum
1473 987 1646 1018 exercitum
1678 987 1813 1019 deducit.
1866 986 1915 1019 Ibi

99 1030 237 1072 acceptis
262 1031 428 1063 obsidibus
452 1030 612 1072 praefecto
637 1031 748 1062 classis
772 1031 965 1062 circumvehi
994 1031 1184 1062 Brittaniam
1215 1032 1382 1073 praecipit:
1416 1032 1506 1063 datae
1531 1032 1569 1063 ad
1594 1032 1625 1063 id
1650 1032 1744 1070 vires,
1769 1034 1800 1063 et
1828 1043 1916 1073 prae-

100 1078 237 1107 cesserat
268 1078 378 1107 terror
429 1075 502 1117 Ipse
532 1075 673 1126 peditem
703 1077 800 1116 atque
831 1077 954 1116 equites
986 1076 1071 1107 lento
1104 1076 1231 1118 itinere,
1262 1088 1325 1117 qno
1357 1088 1511 1107 novarum
1543 1077 1686 1118 gentium
1718 1077 1815 1108 animi
1847 1077 1916 1118 ipsa

99 1121 253 1152 transitus
285 1132 375 1152 mora
405 1123 609 1162 ter·,1erentur
640 1121 673 1152 in
704 1120 847 1151 hibernis
878 1121 1003 1152 locavit.
1051 1121 1094 1152 Et
1123 1121 1219 1152 simul
1247 1122 1356 1152 classis
1385 1121 1522 1152 secunda
1550 1123 1739 1162 tempestate
1767 1133 1803 1152 ac
1831 1122 1916 1153 fama

99 1165 344 1197 Trucculensem
369 1168 498 1207 portum
523 1147 636 1206 tenuit,
660 1165 744 1196 unde
768 1165 915 1207 proximo
940 1176 1023 1197 auno
1047 1165 1225 1197 Brittaniae
1249 1165 1343 1197 litore
1366 1166 1525 1207 praelecto
1551 1167 1637 1197 omni
1661 1166 1787 1197 rediret.

211 1210 306 1242 Hunc
333 1222 437 1242 rerum
468 1221 609 1251 cursum,
639 1221 832 1251 quamquam
861 1212 950 1241 nulla
978 1210 1148 1241 verborum
1177 1210 1327 1241 iactantia
1350 1211 1495 1252 epistulis
1522 1210 1690 1253 Agricolae
1714 1213 1856 1252 auctum,
1879 1214 1968 1242 0189

100 1257 167 1286 erat
196 1254 412 1297 Domitianus⁷
444 1255 549 1286 fronte
577 1256 693 1296 laetus,
721 1257 851 1297 pectore
880 1256 992 1286 anxius
1021 1255 1147 1296 excipit.
1194 1255 1300 1286 Inerat
1325 1255 1519 1287 conscientia
1543 1255 1659 1287 derisui
1687 1256 1785 1287 fuisse
1812 1266 1916 1297 nuper

98 1300 214 1332 falsum
240 1312 257 1331 e
281 1299 452 1332 Germania
475 1300 674 1341 triumphum
700 1301 815 1341 emptis
839 1311 896 1341 per
920 1301 1121 1341 commercia,
1147 1311 1283 1341 quorum
1308 1300 1435 1331 habitus
1464 1303 1495 1331 et
1524 1300 1620 1331 crinis
1654 1300 1687 1331 in
1715 1300 1913 1342 captivorum

100 1345 237 1386 speciem
266 1345 494 1376 formarentur:
525 1347 557 1376 at
584 1356 669 1376 nunc
698 1356 804 1376 veram
833 1356 1046 1387 magnamque
1075 1345 1242 1381 victoriam
1270 1347 1320 1376 tot
1348 1345 1477 1376 milibus
1501 1345 1642 1376 hostium
1667 1346 1766 1377 caesis
1792 1345 1913 1387 ingenti

98 1389 184 1421 fama
208 1389 370 1421 celebrari.
417 1389 454 1422 Id
482 1389 544 1421 sibi
574 1390 710 1421 maxime
738 1390 998 1430 formidolosum,
1026 1390 1142 1431 privati
1172 1390 1310 1421 hominis
1339 1400 1454 1421 nomen
1479 1401 1574 1430 supra
1598 1389 1774 1431 principem
1799 1390 1913 1421 attolli.

98 1433 230 1466 Frustra
245 1435 351 1466 studia
365 1435 428 1466 fori
448 1437 479 1466 et
499 1435 640 1466 civilium
661 1435 778 1466 artium
795 1435 889 1466 decus
905 1435 938 1466 in
958 1434 1119 1466 silentium
1141 1437 1219 1475 acta,
1240 1435 1265 1465 si
1286 1435 1455 1466 militarem
1476 1434 1612 1476 gloriam
1631 1435 1711 1465 alius
1732 1437 1914 1476 occuparet:

98 1481 203 1511 cetera
226 1482 400 1521 utcumque
424 1479 550 1511 facilius
574 1479 779 1521 dissimulari,
803 1479 891 1510 ducis
916 1479 992 1511 boni
1018 1480 1253 1520 imperatoriam
1281 1480 1429 1510 virtutem
1454 1490 1530 1510 esse.
1567 1478 1698 1510 Talibus
1723 1480 1805 1511 curis
1830 1490 1913 1511 exer>

99 1525 195 1565 011115,
224 1524 373 1566 quodque
402 1535 512 1556 saevae
542 1524 748 1567 cogitationis
777 1525 927 1556 indicium
959 1527 1040 1565 erat,
1069 1526 1189 1556 secreto
1223 1535 1280 1555 suo
1315 1525 1448 1555 satiatus
1482 1524 1637 1564 optimum
1673 1525 1706 1555 in
1736 1524 1915 1565 praesentia

99 1569 213 1601 statuit
240 1581 393 1611 reponere
422 1569 544 1611 odium,
574 1570 674 1602 donec
704 1569 842 1611 impetus
871 1569 975 1601 famae
1004 1572 1035 1600 et
1063 1569 1153 1600 favor
1182 1569 1338 1600 exercitus
1367 1569 1597 1611 languesceret:
1627 1580 1700 1600 nam
1725 1569 1820 1600 etiam
1845 1571 1912 1600 tum

99 1614 251 1657 Agricola
275 1615 467 1646 Brittaniam
497 1614 672 1646 obtinebat.
720 1613 825 1656 Igitur
852 1614 1059 1655 triumphalia
1088 1616 1274 1645 ornamenta
1302 1616 1334 1644 et
1365 1613 1508 1644 inlustris
1537 1615 1660 1644 statuae
1689 1613 1843 1645 honorem
1873 1616 1912 1654 et,
1929 1617 1967 1644 40

100 1659 256 1701 quidquid
281 1670 338 1700 pro
363 1659 528 1700 triumpho
554 1660 655 1700 datur,
680 1660 782 1690 multo
807 1659 976 1690 verborum
1001 1659 1123 1690 honore
1147 1658 1309 1690 cumulata
1334 1658 1458 1689 decerni
1478 1658 1511 1689 in
1531 1660 1641 1690 senatu
1666 1658 1754 1689 iubet
1778 1658 1914 1700 addique

208 1778 219 1800 l
241 1774 323 1808 gnari
338 1775 495 1801 Dronkz'us:
514 1774 607 1808 ignari
627 1777 714 1800 Habt
786 1775 815 1799 ni
835 1774 974 1808 frequens]
996 1774 1156 1807 infrequens
1176 1777 1191 1799 b
1265 1777 1279 1799 ²2
1301 1773 1452 1807 indaginis]
1474 1773 1619 1806 indagines
1639 1775 1663 1798 Η
1682 1782 1715 1798 m.
1727 1782 1781 1806 pr„
1797 1781 1863 1799 corr.
1881 1782 1912 1799 m.

97 1819 146 1837 sce.
203 1810 318 1845 artiora]
340 1810 460 1836 arctiora
479 1820 495 1836 a
550 1810 673 1836 dimissis
693 1810 780 1844 equis,
801 1810 893 1845 simul]
915 1811 943 1836 2²²1
964 1813 988 1835 Η
1008 1811 1070 1836 add.
1086 1819 1120 1836 m.
1136 1819 1183 1836 sec.
1199 1811 1230 1835 in
1249 1811 1382 1843 marqine:
1404 1809 1524 1834 dimissis
1540 1809 1588 1842 qui
1603 1808 1728 1834 simulati
1784 1811 1799 1834 3
1819 1808 1912 1843 silvas]

99 1846 194 1880 syluas
206 1856 221 1871 a
304 1846 428 1880 equitem
442 1845 598 1879 persultare
611 1847 773 1873 Rhenanus:
789 1846 884 1879 equite
900 1846 1048 1880 persultari
1064 1848 1135 1879 Hat,
1151 1846 1258 1878 equites
1273 1845 1435 1879 perlustrari
1451 1847 1466 1870 b
1548 1844 1684 1878 iussisset]
1701 1844 1813 1870 iusisset
1828 1847 1852 1870 Η

99 1886 114 1908 4
135 1882 273 1916 Ceterum]
295 1881 440 1908 Coeterum
461 1891 477 1907 a.
555 1882 644 1916 sequi]
666 1890 750 1915 seque
769 1884 794 1907 Η
814 1891 845 1908 m.
858 1891 913 1915 pr„
927 1890 994 1908 corr,
1010 1891 1043 1908 m.
1059 1890 1107 1908 sec.
1191 1885 1205 1907 ὑ
1227 1882 1306 1916 versi]
1323 1881 1410 1907 uersis
1430 1883 1507 1906 abt?
1576 1883 1590 1906 6
1611 1880 1737 1914 satietas]
1755 1880 1873 1906 sacietas
1889 1890 1913 1913 a,

99 1919 210 1944 sauctae
230 1921 245 1943 b
329 1918 435 1953 decem]
458 1918 524 1944 dece
544 1921 583 1950 Η;
604 1918 644 1943 -X-
660 1920 675 1943 b
759 1920 772 1943 7
794 1918 912 1943 trecenti
932 1918 1090 1952 sexaginta]
1111 1917 1229 1943 trecenti
1249 1927 1282 1942 Lx
1302 1927 1326 1949 a,
1346 1926 1436 1942 000011-
1452 1919 1468 1941 b
1550 1916 1611 1949 quis
1632 1915 1729 1950 Aulus]
1751 1916 1799 1949 qui
1819 1915 1913 1942 saulus

99 1957 131 1987 Η,
147 1954 209 1987 quis
225 1954 257 1980 A.
273 1956 302 1985 b,
319 1954 364 1980 sed
379 1963 446 1980 corr.
462 1962 494 1979 ea·
514 1963 584 1987 quus
641 1953 809 1988 praefectus]
826 1962 906 1987 praes
923 1956 937 1978 b
994 1953 1120 1988 iuvenili]
1138 1953 1261 1978 iuuenali
1276 1955 1300 1978 Η
1317 1962 1347 1978 m.
1360 1961 1415 1986 pit,
1434 1961 1501 1978 corr.
1517 1960 1549 1977 m.
1566 1960 1615 1978 rec.
1677 1951 1790 1986 ferocia]
1812 1951 1913 1977 ferotia

98 2010 123 2033 Η
142 2017 175 2034 m,
187 2016 241 2042 pru,
255 2016 323 2034 corr.
338 2016 372 2033 m.
388 2016 436 2034 rec.
513 2010 527 2033 9
552 2007 702 2042 Brittanni]
728 2007 852 2033 britanni
872 2010 905 2032 t?
934 2006 1116 2040 Britannique
1136 2009 1172 2032 ab
1229 2006 1366 2040 palantes]
1388 1994 1515 2039 1101001115
1535 2015 1551 2030 a
1606 2005 1702 2039 mixto]
1719 2005 1860 2038 mixtoque
1875 2008 1912 2030 ab

100 2046 132 2069 10
147 2043 269 2078 ploratu]
280 2043 391 2076 plorato
402 2046 433 2076 Η,
445 2045 559 2076 proratu
570 2046 585 2068 b
636 2044 744 2078 vocare]
757 2044 855 2069 notare
865 2047 877 2068 t
933 2046 964 2068 11
981 2043 1111 2075 factaque
1125 2043 1234 2075 scripsi:
1252 2041 1346 2075 aliqua
1362 2044 1446 2066 naht
1497 2041 1570 2074 dein]
1583 2041 1647 2066 dein
1659 2042 1686 2073 (i.
1699 2051 1720 2066 ν.
1735 2041 1846 2071 deinde)
1862 2043 1877 2066 b

99 2080 238 2114 separare]
256 2087 352 2114 separe
363 2081 399 2104 ab
458 2082 489 2104 13
505 2079 711 2114 misererentur]
728 2079 872 2105 misereret
891 2081 906 2104 b
964 2082 995 2104 14
1011 2078 1124 2112 ubique]
1142 2078 1235 2110 ibique
1251 2080 1275 2102 Η
1290 2086 1322 2103 m
1333 2085 1465 2110 l]1⁵.,cur7⁵.
1482 2086 1514 2102 rm
1530 2085 1578 2102 sce.
1636 2076 1737 2102 deserti
1753 2077 1910 2103 Ernestius:

99 2115 197 2141 secreti
213 2118 298 2141 Haht
356 2118 386 2140 15
407 2115 539 2149 dimissis]
561 2115 688 2141 demissis
708 2117 732 2140 H
751 2123 784 2141 m.
798 2123 850 2148 pr„
865 2123 932 2140 corr
948 2123 981 2140 m
997 2123 1044 2140 sec
1101 2114 1230 2147 vestigia]
1251 2113 1372 2148 uestigia
1391 2115 1406 2137 b
1463 2113 1643 2146 compertum]
1665 2114 1827 2146 conpertum
1847 2122 1863 2137 a

100 2154 132 2177 16
148 2152 185 2186 et]
202 2159 252 2177 om.
268 2153 292 2176 Η
306 2160 339 2177 m
351 2159 402 2184 pr,
418 2151 481 2176 add.
494 2160 524 2177 m.
530 2148 584 2177 sec.
647 2151 764 2185 aestate]
781 2152 875 2176 cxtate
895 2155 906 2176 t
962 2150 1085 2184 deducit]
1102 2151 1132 2175 ‘in
1148 2152 1171 2174 Η
1187 2150 1248 2175 add.
1261 2158 1294 2174 m.
1303 2157 1351 2175 sec.
1362 2150 1392 2174 in
1408 2149 1529 2182 margine
1544 2148 1653 2173 reducit
1710 2151 1739 2174 17
1757 2148 1909 2182 praefecto]

98 2187 223 2220 profecto
243 2190 258 2212 b
332 2186 511 2221 Brittaniam]
533 2186 717 2212 brittanniam
736 2189 768 2218 Η
788 2186 959 2212 britanniam
980 2188 1036 2211 abt
1120 2188 1150 2211 19
1171 2185 1349 2226 terrerentur]
1370 2186 1508 2209 terrentul
1526 2186 1541 2208 b
1623 2183 1758 2218 hibernis]
1780 2183 1910 2217 hybernis

98 2225 135 2248 ab
210 2225 242 2248 20
262 2222 485 2256 Trucculensem]
511 2222 650 2248 trutulens
674 2224 716 2248 est
734 2225 763 2254 b
784 2223 814 2248 in
829 2225 853 2247 Η
868 2221 932 2248 add.
947 2230 980 2247 m.
995 2229 1043 2247 sec
1064 2221 1094 2246 in
1117 2222 1239 2255 mai-qiua
1264 2220 1425 2249 trutulense
1445 2229 1475 2245 111
1495 2229 1510 2244 a.
1531 2218 1569 2244 A}
1584 2219 1671 2245 Trutu
1736 2228 1822 2245 anno
1846 2220 1909 2245 add.

100 2259 263 2293 Madvistus
351 2258 517 2292 Brittaniae]
538 2258 710 2284 brittanniae
729 2261 754 2283 Η
772 2267 806 2284 m.
818 2267 871 2291 pr.
892 2257 1049 2283 britanniae
1068 2259 1093 2281 H
1113 2266 1144 2282 m.
1161 2265 1209 2282 sec.
1225 2258 1281 2281 abt
1367 2255 1447 2281 litore
1467 2256 1601 2281 Picheaza:
1621 2255 1708 2281 latere
1728 2258 1813 2280 Habt

98 2294 251 2329 praelecto]
273 2294 397 2328 prelecta
417 2296 448 2325 Η,
470 2293 541 2319 10010
561 2296 607 2326 ab
629 2295 658 2319 in
678 2303 694 2319 a
714 2294 775 2320 add.
793 2295 823 2319 in
843 2302 965 2328 maryme
984 2292 1023 2318 A}
1043 2292 1194 2323 Praelecto,
1214 2293 1244 2317 ι’νι
1263 2294 1287 2317 Η
1309 2291 1506 2317 m.s1.c.latere
1526 2290 1598 2316 lecto
1672 2291 1756 2325 omni]
1778 2291 1866 2316 omnis
1886 2294 1910 2316 Η

98 2339 132 2356 m.
143 2339 198 2364 pr„
213 2339 279 2356 corr.
296 2339 329 2357 m
344 2339 392 2356 sec.
449 2329 552 2356 rediret
573 2330 748 2364 Madvzyz'us:
769 2329 891 2355 redierat
910 2331 996 2354 Habt
1051 2331 1081 2354 21
1104 2327 1190 2361 00110]
1216 2327 1275 2353 ulla
1294 2330 1318 2352 Η
1337 2336 1435 2359 »1.1›r.,
1457 2335 1474 2351 n
1493 2335 1628 2360 suprzasci
1647 2336 1678 2352 m.
1694 2334 1751 2358 sec,
1767 2326 1824 2352 ulla
1840 2332 1863 2358 t
1883 2327 1912 2352 in

98 2366 148 2392 illa
166 2368 181 2391 b
269 2366 408 2406 epistulis]
430 2365 556 2398 epistolis
576 2370 610 2391 at
696 2368 809 2392 auctum
830 2365 956 2398 Lipsius:
982 2365 1075 2389 actum
1095 2365 1180 2388 Habt
1272 2366 1304 2388 22²
1325 2364 1385 2388 erat
1406 2362 1589 2397 Domitianus]
1614 2362 1789 2388 Domitianus
1809 2348 1868 2388 erat
1887 2365 1911 2392 b

99 2401 252 2428 domitiano
272 2402 356 2428 moris
376 2403 437 2427 erat
452 2411 475 2431 a
495 2401 542 2427 sed
560 2402 590 2427 in
608 2410 731 2435 maryme
751 2401 814 2427 add.
831 2400 871 2426 A}
888 2400 971 2426 Vteat
986 2398 1146 2430 Domitian',
1167 2408 1195 2424 ιη.
1211 2401 1257 2424 Ηι
1272 2399 1334 2424 add.
1351 2408 1384 2424 m.
1399 2407 1446 2424 sec.
1465 2407 1491 2422 ιη
1512 2406 1634 2431 mamque
1654 2397 1807 2424 domitiano
1828 2398 1911 2423 moris

171 2438 285 2472 excipit]
307 2437 381 2472 cepit
400 2440 414 2462 b
498 2439 530 2462 ‘23
551 2437 734 2471 triumphum]
756 2436 900 2462 tiiumfum
920 2438 944 2461 H
1026 2434 1200 2468 commercia]
1222 2434 1383 2460 commertia
1402 2435 1468 2458 Hab
1550 2434 1676 2467 quorum]
1698 2442 1814 2466 quarum
1834 2436 1858 2458 Η
1878 2443 1910 2459 ιη

95 2483 149 2507 pr„
168 2482 235 2500 corr.
252 2482 285 2499 m.
300 2482 349 2499 sec.
423 2476 456 2498 24
477 2473 527 2498 1“·01·
521 2473 671 2507 marentur]
692 2472 843 2498 formarent
862 2474 877 2497 b
952 2474 984 2496 ⁴25
1006 2469 1225 2503 formidolosum]
1247 2469 1456 2495 formidulosum
1478 2471 1519 2494 Ht
1592 2469 1756 2503 principem]
1778 2469 1910 2503 principis

98 2512 135 2535 ab
222 2509 326 2543 attolli]
348 2508 447 2534 adtolli
467 2511 509 2534 nt
596 2511 627 2533 27
649 2508 751 2543 cetera]
773 2510 801 2533 et
821 2509 929 2533 coetera
950 2516 974 2539 a,
994 2508 1022 2532 et
1042 2508 1133 2541 cetera
1153 2508 1168 2530 b
1255 2506 1415 2538 utcumque]
1443 2506 1611 2537 autcumqne
1631 2507 1655 2530 Η
1675 2514 1706 2530 m
1720 2514 1773 2538 pr..
1794 2514 1859 2531 corr.
1876 2515 1909 2531 1η.

97 2554 145 2572 sec.
220 2547 253 2571 23
273 2545 413 2579 quodque]
435 2552 545 2578 quoque
565 2547 597 2577 Η
616 2553 650 2570 m
665 2553 714 2570 sec
730 2552 864 2577 suprascr
882 2543 908 2575 d,
928 2550 1017 2575 quoue
1037 2545 1052 2567 b
1127 2542 1238 2575 500010]
1260 2541 1366 2566 saeuire
1387 2543 1411 2565 Η
1430 2549 1463 2566 m.
1479 2549 1533 2574 pr.,
1553 2549 1587 2566 m.
1602 2549 1650 2567 sec.
1671 2541 1731 2567 uire
1750 2541 1799 2567 del.
1815 2545 1839 2567 et
1858 2549 1910 2566 uae

98 2590 166 2608 aser.
240 2580 386 2621 indicium]
408 2580 539 2606 inditium
554 2582 579 2605 Η
593 2589 626 2606 m
639 2588 692 2613 pr,
708 2588 774 2606 corr
791 2588 824 2605 m.
840 2587 888 2606 see
962 2577 1130 2611 praesentia]
1152 2578 1183 2602 in
1202 2579 1226 2601 Η
1245 2577 1308 2603 add
1324 2585 1356 2602 m
1373 2584 1421 2602 sec.
1437 2576 1467 2601 in
1481 2576 1604 2610 murqz'oze
1619 2584 1700 2610 psens
1770 2580 1802 2602 29
1821 2576 1907 2611 favor]

98 2626 115 2643 u
130 2618 161 2643 in
176 2620 200 2643 Η
215 2626 248 2643 m.
264 2625 313 2643 rec.
329 2617 360 2642 in
374 2625 428 2642 ras.
485 2615 632 2650 exercitus]
649 2615 755 2641 excitus
771 2618 786 2640 b
842 2617 876 2640 30
892 2613 1069 2647 Brittaniam]
1087 2612 1269 2638 brittanniam
1290 2614 1313 2636 Η
1327 2621 1360 2637 m.
1372 2620 1426 2645 pr..
1446 2605 1614 2637 britanniam
1632 2615 1655 2638 Η
1671 2621 1703 2637 m.
1720 2621 1767 2638 :wer
1784 2615 1856 2638 abt.
1849 2616 1860 2631 ³

98 2652 290 2686 triumphalia]
312 2651 466 2677 triumfalia
488 2654 511 2676 H
584 2651 718 2685 inlustris]
739 2651 857 2676 illustris
877 2652 913 2675 ab
988 2652 1017 2675 31
1041 2648 1188 2681 quidquid]
1210 2647 1343 2680 quicquid
1365 2650 1401 2673 ab
