2112 2891
138 766 171 791 13

138 1211 170 1237 14

140 1612 172 1636 15

185 194 203 223 8
756 186 924 214 CORNELII
944 186 1062 213 TACITI
1083 186 1286 213 AGRICOLAE
1308 189 1409 212 12—15
1766 187 1851 211 ner
1870 187 1878 219 ]]
1896 187 1981 211 Habt

296 273 423 305 Caelum
450 272 566 303 crebris
590 270 746 302 imbribus
770 280 806 301 ac
829 269 954 301 nebulis
978 269 1116 309 foedum,
1141 268 1294 310 asperitas
1318 268 1474 310 frigorum
1494 267 1591 299 abest.
1625 266 1755 299 Dierum
1776 267 1878 308 spatia
1897 266 1982 298 ultra

186 318 284 350 nostri
319 317 404 348 orbis
438 327 624 355 mensuram,
654 326 716 346 uox
745 314 830 345 clara
857 316 889 344 et
916 316 1057 345 extrema
1085 313 1261 344 Brittaniae
1290 315 1380 354 parte
1408 312 1522 352 brevis,
1550 314 1586 343 ut
1613 312 1709 343 finem
1733 313 1831 353 atque
1854 311 1981 343 initium

185 363 264 394 lucis
293 362 408 403 exiguo
438 361 617 391 discrimine
647 360 848 390 internoscas.
897 357 988 395 Quod
1016 358 1042 388 si
1071 357 1171 388 nubes
1200 368 1264 389 non
1294 357 1446 398 officiant,
1471 356 1569 398 aspici
1593 368 1650 398 per
1673 358 1798 388 noctem
1823 356 1899 387 solis
1923 356 1982 387 ful-

185 418 302 449 gorem,
334 417 391 437 nec
425 405 564 436 occidere
598 407 628 434 et
660 414 821 445 exurgere,
854 403 907 433 sed
941 402 1075 433 transire
1105 402 1273 433 affirmant.
1321 401 1449 433 Scilicet
1478 403 1616 432 extrema
1644 403 1675 432 et
1702 400 1797 442 plana
1825 402 1982 432 terrarum

185 451 297 482 humili
321 450 433 482 umbra
456 460 519 480 non
545 450 672 490 erigunt
696 447 851 488 tenebras,
876 447 1020 488 infraque
1045 447 1166 478 caelum
1191 449 1222 477 et
1246 446 1347 477 sidera
1371 457 1433 477 nox
1459 445 1550 477 cadit.
1593 445 1704 477 Solum
1728 447 1854 486 praeter
1878 444 1982 476 oleum
2011 458 2022 476 5

188 496 344 536 vitemque
369 497 400 525 et
424 496 524 525 cetera
549 492 752 524 calidioribus
777 492 869 523 terris
894 491 968 523 oriri
995 494 1084 523 sueta
1108 492 1231 532 patiens
1255 491 1384 532 frugum
1408 490 1650 531 fecundumque.
1687 489 1788 521 Tarde
1812 490 1984 521 mitescunt

187 542 248 572 cito
272 540 470 581 proveniunt,
493 538 665 578 eademque
690 537 856 578 utriusque
880 536 925 567 rei
951 547 1053 577 causa,
1078 536 1198 567 multus
1222 546 1314 567 unior
1342 537 1498 566 terrarum
1527 535 1676 576 caelique.
1723 533 1798 566 Fert
1825 534 1984 567 Brittania

187 596 296 616 aurum
326 587 357 615 et
386 586 549 625 argentum
580 584 611 613 et
641 583 701 612 alia
730 581 868 621 metalla,
896 581 1033 622 pretium
1064 581 1223 612 victoriae.
1271 579 1381 621 Gignit
1406 582 1437 610 et
1462 578 1606 611 Oceanus
1631 579 1811 621 margarita,
1836 578 1890 610 sed
1914 579 1984 610 sub-

186 631 275 660 fusca
307 640 343 660 ac
374 628 510 659 liventia.
558 626 692 664 Quidam
727 628 824 657 artem
859 625 968 656 abesse
1001 625 1184 667 legentibus
1213 625 1423 656 arbitrantur:
1452 636 1525 655 nam
1555 625 1589 656 in
1616 623 1713 655 rubro
1744 623 1823 655 mari
1852 623 1924 655 viva
1947 635 1985 656 ac

186 673 336 715 spirantia
362 673 444 703 saxis
473 671 574 711 avelli,
604 671 634 701 in
659 670 826 710 Brittania,
849 672 946 711 prout
970 669 1099 710 expulsa
1123 670 1197 709 sint,
1221 669 1337 711 colligi.
1381 668 1450 710 Ego
1479 669 1604 700 facilius
1631 668 1817 700 crediderim
1838 669 1983 700 naturam
1999 681 2025 700 ιο

188 718 366 760 margaritis
391 717 496 747 deesse
522 727 617 756 quam
642 715 734 746 nobis
759 714 933 745 avaritiam.

296 762 360 803 Ipsi
391 761 549 793 Brittanni
582 760 730 791 dilectum
759 770 794 790 ac
823 759 942 790 tributa
971 762 1002 790 et
1030 759 1173 790 iniuncta
1200 758 1326 800 imperii
1357 759 1464 789 munia
1488 758 1623 800 impigre
1648 758 1776 799 obeunt,
1801 758 1827 788 si
1850 757 1985 789 iniuriae
2007 757 2017 800 ΙΙ

187 808 303 838 absint:
328 807 384 837 has
409 816 501 847 aegre
525 804 670 845 tolerant,
695 805 757 835 iam
783 804 905 845 domiti,
928 806 965 835 ut
988 806 1129 845 pareant,
1152 803 1303 845 nondum,
1328 805 1364 834 ut
1386 803 1533 834 serviant.

296 850 397 893 Igitur
422 850 541 891 primus
567 850 709 880 omnium
733 848 949 880 Romanorum
970 848 1071 879 Divus
1090 848 1191 879 Iulius
1216 859 1287 879 cum
1313 849 1451 879 exercitu
1471 847 1663 879 Brittaniam
1685 847 1854 889 ingressus,
1879 858 1985 888 quam-

188 908 280 937 quam
304 906 455 937 prospera
478 906 586 936 pugna
610 894 758 925 terruerit
782 893 902 925 incolas
927 904 962 924 ac
984 893 1078 924 litore
1102 893 1224 934 potitus
1249 893 1300 933 sit,
1321 895 1425 933 potest
1444 892 1543 923 videri
1564 891 1740 923 ostendisse
1758 892 1903 933 posteris,
1922 903 1987 923 non
2002 905 2026 924 ιε»

188 940 360 971 tradidisse.
406 939 479 970 Mox
505 938 587 970 bella
612 938 718 970 civilia
741 940 772 969 et
797 939 827 968 in
855 949 919 969 rem
945 938 1104 979 publicam
1131 948 1220 968 versa
1244 938 1424 978 principum
1454 948 1550 977 arma,
1581 947 1617 968 ac
1640 937 1737 977 longa
1760 936 1880 968 oblivio
1904 936 1987 968 Brit-

188 986 290 1016 taniae
323 984 415 1015 etiam
449 984 479 1014 in
513 994 602 1024 pace:
636 983 803 1014 consilium
838 983 868 1013 id
900 982 1001 1013 Divus
1031 982 1196 1024 Angustus
1228 981 1370 1023 vocabat,
1399 981 1545 1013 Tiberius
1579 983 1792 1022 praeceptum.
1838 980 1987 1023 Agitasse

189 1030 297 1060 Gaium
332 1028 495 1059 Caesarem
529 1028 566 1058 dc
600 1028 746 1058 intranda
779 1027 936 1058 Brittania
969 1027 1045 1058 satis
1075 1029 1210 1067 constat,
1238 1027 1270 1057 ni
1301 1027 1392 1058 velox
1418 1027 1545 1068 ingenio
1576 1025 1686 1057 mobili
1714 1025 1927 1067 paenitentiae
1956 1027 1987 1057 et

189 1075 330 1113 ingentes
364 1073 513 1104 adversus
548 1072 745 1103 Germaniam
783 1075 915 1103 cona-tus
948 1072 1065 1103 frustra
1097 1072 1240 1103 fuissent.
1288 1071 1390 1103 Divus
1420 1071 1571 1102 Claudius
1604 1072 1715 1102 auctor
1745 1070 1849 1102 iterati
1883 1071 1988 1112 operis

188 1114 373 1150 transvectis
397 1117 578 1159 legionibus
603 1117 793 1158 auxiliisque
818 1119 848 1147 et
873 1117 1040 1158 adsumpto
1066 1116 1097 1148 in
1122 1118 1244 1157 partem
1269 1127 1373 1147 rerum
1394 1115 1600 1157 Vespasiano,
1625 1115 1710 1156 quod
1730 1115 1855 1147 initium
1878 1117 1988 1147 ventu·
2003 1128 2028 1148 Σο

188 1175 238 1194 rae
264 1174 334 1193 mox
359 1163 505 1193 fortunae
529 1162 602 1193 fuit:
628 1162 764 1193 domitae
788 1164 909 1203 gentes,
933 1163 1017 1202 capti
1041 1172 1130 1203 reges
1155 1164 1186 1192 et
1210 1163 1406 1192 monstratus
1431 1162 1504 1192 fatis
1529 1160 1753 1201 Vespasianus

300 1206 519 1238 Consularium
546 1207 667 1247 primus
686 1206 789 1237 Aulus
810 1206 954 1237 Plautius
978 1206 1178 1247 praepositus
1202 1217 1238 1236 ac
1263 1206 1395 1236 subinde
1416 1205 1562 1237 Ostorius
1583 1204 1728 1245 Scapula,
1751 1206 1884 1245 uterque
1904 1205 1987 1236 bello

189 1252 342 1294 egregius,
375 1251 563 1292 redactaque
598 1251 751 1291 paulatim
786 1251 818 1281 in
849 1252 982 1281 formam
1018 1251 1199 1291 provinciae
1234 1250 1379 1291 proxima
1412 1261 1484 1291 pars
1513 1249 1689 1281 Brittaniae
1719 1249 1827 1280 addita
1859 1249 1988 1291 insuper

189 1298 408 1327 veteranorum
433 1296 563 1326 colonia.
612 1294 772 1332 Quaedam
798 1296 942 1327 civitates
969 1294 1169 1337 Cogidumno
1194 1294 1261 1337 regi
1286 1295 1420 1326 donatae
1446 1296 1487 1329 (is
1512 1294 1550 1326 ad
1573 1296 1715 1325 nostram
1745 1304 1844 1334 usque
1873 1305 1987 1325 memo*

189 1341 265 1372 riam
295 1341 465 1371 fidissimus
494 1340 633 1382 mansit),
662 1342 696 1370 ut
726 1342 829 1371 vetere
857 1351 894 1372 ac
918 1340 979 1371 iam
1009 1340 1131 1381 pridem
1158 1342 1285 1381 recepta
1308 1340 1420 1381 populi
1445 1338 1582 1370 Romani
1606 1339 1834 1370 consuetudine
1858 1338 1990 1370 haberet
2004 1353 2028 1371 ⁴25

189 1386 397 1416 instrumenta
421 1385 582 1416 servitutis
607 1387 638 1415 et
662 1395 759 1425 reges.
798 1384 873 1415 Mox
898 1384 1012 1416 Didius
1038 1384 1148 1416 Gallus
1174 1386 1263 1425 parta
1288 1396 1306 1416 a
1329 1384 1490 1425 prioribus
1510 1384 1669 1415 continuit
1689 1384 1798 1424 paucis
1818 1383 1988 1414 admodum

189 1430 325 1461 castellis
356 1431 387 1460 in
415 1430 565 1460 ulteriora
594 1430 760 1470 promotis,
788 1441 844 1470 per
872 1441 952 1470 quae
980 1430 1065 1460 fama
1093 1429 1178 1460 aucti
1209 1429 1307 1461 officii
1338 1430 1550 1470 quaereretur.
1598 1428 1727 1459 Didium
1752 1428 1910 1459 Veranius
1939 1439 1988 1459 ex-

190 1475 280 1515 cepit,
308 1474 396 1515 isque
426 1475 509 1505 intra
537 1485 653 1505 annum
683 1475 842 1505 extinctus
872 1476 927 1505 est.
975 1474 1146 1505 Suetonius
1175 1474 1249 1505 hinc
1278 1473 1430 1505 Paulinus
1460 1473 1588 1505 biennio
1612 1483 1780 1514 prorperas
1804 1483 1853 1504 res
1877 1472 1990 1504 habuit

189 1519 327 1550 subactis
356 1519 538 1549 nationibus
566 1519 763 1559 firmatisque
791 1519 965 1560 praesidiis.
1014 1518 1154 1556 Quorum
1184 1518 1300 1550 fiducia
1328 1518 1457 1549 Monam
1487 1518 1623 1549 insulam
1653 1511 1689 1548 ist
1712 1517 1793 1548 vires
1817 1517 1989 1549 rebellibus

190 1564 418 1594 ministrantem
443 1563 609 1605 adgressus
633 1565 723 1604 terga
747 1563 906 1594 occasioni
931 1563 1090 1605 patefecit.
2004 1575 2030 1595 ao

300 1607 447 1648 Namque
476 1608 619 1638 absentia
641 1608 739 1649 legati
764 1611 885 1639 remoto
915 1612 1001 1639 metu
1029 1608 1186 1639 Brittanni
1218 1608 1337 1650 agitare
1366 1608 1449 1639 inter
1478 1618 1509 1638 se
1540 1607 1622 1638 mala
1651 1607 1822 1646 servitutis,
1847 1608 1990 1638 conferre

191 1653 319 1683 iniurias
349 1655 380 1683 et
409 1652 646 1692 interpretando
676 1653 856 1684 accendere:
886 1653 966 1684 nihil
995 1654 1105 1694 profici
1135 1653 1299 1694 patientia,
1324 1652 1382 1683 nisi
1410 1654 1445 1683 ut
1473 1653 1621 1693 graviora
1649 1654 1810 1693 tamquam
1842 1663 1880 1682 ex
1903 1651 1989 1683 facili

190 1697 398 1728 tolerantibus
424 1697 624 1738 imperentur.
672 1697 821 1739 Singulos
851 1697 910 1728 sibi
937 1697 1011 1728 olim
1039 1708 1128 1739 reges
1152 1697 1260 1737 fuisse,
1285 1708 1367 1728 nunc
1392 1697 1484 1728 binos
1514 1697 1633 1738 inponi,
1658 1707 1695 1727 ex
1725 1696 1841 1737 quibus
1865 1696 1989 1738 legatus

296 1780 307 1801 1
327 1775 448 1810 Caelum]
469 1775 581 1801 Coelum
601 1779 622 1801 A
695 1776 842 1811 imbribus]
853 1777 1016 1809 hymbribus
1027 1779 1048 1801 Δ
1117 1776 1208 1810 abest]
1224 1778 1295 1801 estB
1369 1780 1383 1801 :2
1400 1775 1567 1810 Brittaniae]
1583 1775 1754 1801 brittanniae
1770 1778 1818 1807 GT,
1834 1774 1990 1801 britanniae

190 1814 240 1843 AB,
257 1813 285 1837 in-
300 1813 319 1836 Β
338 1811 497 1837 Britanniae
512 1812 640 1838 collocata
655 1815 691 1838 esc
702 1816 765 1845 post
781 1813 955 1845 inseqmuntem
971 1820 1056 1838 vocem
1073 1814 1151 1846 parte
1212 1812 1335 1846 initium]
1350 1811 1465 1837 inicium
1480 1814 1502 1836 A
1562 1814 1577 1836 4
1593 1812 1621 1853 et
1635 1811 1778 1845 exurgere]
1794 1819 1844 1837 nec
1859 1818 1990 1845 exurgere

190 1867 209 1889 Β
265 1864 414 1898 affirmant]
435 1865 582 1890 adfirmant
601 1867 620 1890 B
707 1869 721 1891 5
737 1865 848 1900 humili]
869 1874 921 1897 non
942 1865 1041 1891 humili
1062 1868 1082 1890 G
1164 1865 1283 1899 caelum]
1304 1865 1411 1891 coelum
1431 1867 1452 1890 A
1526 1865 1564 1899 ct]
1585 1850 1616 1898 zife
1636 1867 1657 1889 A
1761 1864 1864 1898 sidera]
1891 1864 1990 1897 sydera

191 1902 232 1925 AB
296 1903 310 1926 6
326 1900 528 1932 fecundumque
543 1902 651 1934 scripsi:
668 1901 869 1934 pecudumque,
884 1902 929 1927 sed
945 1903 974 1927 in
991 1903 1111 1935 »tamine
1125 1901 1188 1927 add.
1204 1901 1304 1927 secudu
1321 1904 1369 1932 Gr,
1386 1901 1553 1927 foecundum
1568 1903 1598 1933 A,
1613 1900 1762 1926 fecundum
1777 1902 1796 1925 B
1866 1902 1880 1925 7
1900 1900 1989 1934 umor]

191 1935 287 1961 humor
307 1938 391 1960 ABGT
455 1937 600 1970 terrarum]
621 1938 811 1970 terrarumque
830 1939 849 1962 B
915 1937 1052 1971 caelique]
1072 1936 1198 1970 coelique
1219 1939 1239 1961 A
1312 1936 1463 1971 Brittania]
1484 1936 1627 1962 britannia
1646 1938 1748 1961 ABGT‘?
1822 1940 1836 1961 ὅ
1856 1935 1989 1970 pretium]

192 1971 312 2003 precium
332 1974 361 2003 A,
386 1972 505 2006 pretium
525 1974 544 1996 B
618 1972 759 2006 victoriae]
785 1973 901 1998 uictoria
922 1975 941 1998 B
1023 1972 1161 2006 Oceanus]
1182 1980 1317 1998 occeanus
1338 1975 1357 1997 G
1430 1972 1573 2007 subfusca]
1593 1972 1697 1998 suffusa
1715 1974 1743 2004 B,
1769 1973 1795 1997 [⁷1
1817 1974 1857 1997 (ΞΤ
1876 1971 1939 1998 add.
1960 1972 1987 1997 iou

193 2008 312 2041 maryr'nc
332 2007 446 2032 subfusa
518 2012 532 2032 9
552 2008 679 2042 liventia]
700 2006 804 2033 liuenta
825 2011 843 2033 B
917 2009 1048 2043 Quidam]
1069 2005 1180 2034 cuidam
1200 2011 1220 2033 G
1241 2017 1273 2034 m.
1285 2009 1367 2042 prim.
1442 2010 1529 2033 artem
1549 2008 1656 2042 abesse]
1677 2007 1773 2033 abesse
1793 2008 1880 2033 artem
1900 2010 1919 2032 Τ

195 2046 224 2068 10
244 2042 393 2076 Brittania]
414 2043 566 2069 brittannia
586 2046 626 2068 GT
637 2047 660 2075 ἱ),
682 2044 821 2069 britannia
841 2047 883 2069 AB
959 2047 990 2069 12
1010 2044 1163 2079 Brittanni]
1184 2043 1307 2070 britanni
1327 2046 1369 2069 AB
1443 2043 1577 2069 dilectum
1597 2046 1617 2069 G
1636 2053 1668 2069 m.
1684 2052 1746 2069 sec:
1767 2042 1907 2069 delectum
1925 2044 1990 2068 ABG

193 2087 223 2103 m.
235 2088 278 2111 pr.
295 2081 313 2102 Τ
376 2078 497 2113 imperii]
517 2079 626 2112 imperii
646 2082 739 2111 munia
760 2083 787 2109 G,
808 2081 855 2113 qni
873 2081 916 2106 hie
935 2081 1035 2106 desinit
1098 2079 1193 2105 munia
1211 2082 1265 2105 Ht:
1286 2087 1400 2105 munera
1421 2081 1458 2104 ab
1533 2082 1564 2105 13
1584 2079 1717 2113 tolerant]
1737 2078 1869 2105 tollerant
1887 2082 1920 2104 at
2008 2079 2018 2114 ΙΙ

194 2116 225 2138 14
244 2114 360 2148 primus]
384 2115 501 2147 primum
521 2117 545 2139 H
566 2124 595 2140 m.
609 2123 652 2148 pr.
736 2115 915 2150 Brittaniam]
939 2116 1109 2141 britanniam
1129 2117 1214 2140 Habt
1298 2118 1328 2140 15
1353 2115 1495 2149 terruerit]
1519 2115 1669 2141 terruerint
1687 2118 1699 2140 t
1780 2114 1874 2149 litore]
1898 2114 1990 2140 littore

192 2154 224 2173 at
298 2152 328 2174 16
349 2149 514 2184 Brittaniac]
539 2150 695 2177 britanniae
715 2153 800 2176 Habt
874 2155 904 2177 17
925 2151 1022 2186 etiam]
1043 2151 1098 2177 iam
1118 2153 1133 2176 b
1199 2151 1353 2185 Augustus]
1374 2152 1489 2184 agustus
1509 2153 1533 2176 H
1596 2150 1735 2184 Tiberius]
1755 2149 1890 2183 Tyberius
1909 2153 1921 2175 t

191 2186 371 2218 praeceptum
386 2188 409 2210 H
426 2195 456 2211 m.
472 2194 518 2211 sec.
537 2186 563 2211 in
579 2187 710 2219 marsuae,
725 2196 741 2211 a
756 2188 784 2212 in
800 2189 934 2220 -ιηαιῃίηει
956 2187 1105 2221 praecipue
1120 2189 1152 2218 Η,
1168 2186 1299 2220 precipue
1315 2196 1339 2217 a,
1355 2186 1488 2219 praecipu
1503 2191 1514 2212 t
1524 2191 1548 2219 ἱ),
1563 2187 1696 2221 preceptu
1713 2186 1738 2212 .i.
1754 2188 1769 2211 b
1827 2188 1857 2210 18
1878 2185 1990 2220 Gaium]

191 2220 209 2245 C
233 2225 251 2251 t,
273 2220 366 2246 Caium
388 2223 424 2245 ab
506 2221 655 2256 Brittania]
676 2222 830 2248 brittannia
849 2225 872 2247 H
893 2232 925 2248 m.
940 2232 988 2249 sec.
1005 2226 1050 2254 ti),
1072 2221 1217 2248 Britannia
1237 2225 1273 2247 ab
1360 2222 1485 2257 ingenio]
1505 2222 1610 2255 ingenii
1630 2225 1645 2247 b
1723 2220 1831 2256 mobili]
1851 2220 1948 2247 mouili
1967 2223 1991 2246 Η

192 2265 224 2282 m.
237 2265 290 2289 pr..
309 2256 419 2282 mobilis
439 2259 453 2281 b
542 2260 572 2282 19
597 2260 693 2283 auctor
717 2258 809 2284 iterati
831 2259 953 2284 uarius:
979 2259 1146 2284 auctoritate
1166 2260 1223 2289 Hb,
1249 2259 1346 2283 auctor
1365 2262 1389 2289 t,
1409 2258 1559 2283 autoritate
1579 2267 1595 2283 a
1681 2260 1714 2282 20
1733 2256 1857 2292 initium]
1876 2256 1990 2282 inicium

192 2294 216 2317 Η
235 2301 266 2317 m.
281 2301 322 2324 pr.
414 2295 443 2317 21
467 2293 586 2318 domitae
608 2295 791 2320 Puteolanus:
813 2294 946 2320 domitiae
966 2297 1042 2326 Καὶ),
1063 2294 1177 2324 domitie
1197 2298 1208 2318 t
1281 2294 1390 2327 gentes]
1410 2294 1502 2327 gentis
1522 2296 1546 2318 H
1565 2302 1598 2320 m.
1610 2303 1654 2327 pr.
1675 2303 1691 2318 a
1710 2295 1725 2318 b
1798 2296 1831 2318 22
1852 2292 1990 2327 Plautius]

194 2326 317 2353 Plautius
338 2330 387 2358 ab,
409 2327 535 2353 Plancius
556 2338 572 2353 ει
592 2330 618 2354 in
641 2330 761 2363 »rar-qino
840 2331 968 2364 uterque]
989 2331 1092 2356 litterae
1112 2331 1139 2355 te
1158 2330 1188 2355 in
1208 2332 1231 2354 H
1252 2330 1280 2355 in
1300 2338 1352 2355 ras.
1437 2331 1468 2354 23
1489 2329 1630 2364 egregius]
1650 2328 1796 2364 aegregius
1816 2331 1840 2353 Η
1929 2336 1989 2362 pro-

193 2362 312 2397 vinciae]
331 2363 469 2398 prouintie
489 2373 505 2388 a
560 2364 726 2399 Brittaniae]
747 2365 897 2391 brittaniae
918 2369 963 2397 ti),
982 2365 1140 2391 britanniae
1160 2366 1196 2390 ab
1262 2367 1294 2390 24
1315 2364 1453 2399 civitates]
1474 2365 1599 2391 ciuitatis
1618 2368 1643 2390 H
1662 2373 1687 2390 m
1706 2373 1750 2398 pr.
1806 2363 1990 2398 Cogidumno]

193 2398 367 2432 Togidumno
387 2401 410 2423 Η
431 2408 461 2424 m.
478 2408 524 2425 sec
541 2400 602 2425 add.
622 2401 647 2425 fn
668 2402 797 2434 maraine,
818 2401 975 2434 cogidunno
995 2404 1010 2426 b
1089 2404 1121 2427 25
1142 2400 1263 2433 mansit),
1283 2401 1314 2425 ut
1333 2401 1433 2434 vetere]
1456 2401 1559 2427 litterae
1583 2400 1620 2426 sit
1643 2401 1674 2425 ut
1688 2408 1723 2425 ue
1737 2401 1768 2425 in
1783 2402 1807 2424 Η
1821 2400 1851 2425 in
1865 2407 1919 2426 ras.

193 2437 226 2460 26
247 2434 286 2468 et]
306 2442 355 2460 om.
371 2436 385 2458 b
458 2442 538 2468 reges
559 2436 718 2462 lrhmmnus:
739 2437 812 2469 regis
832 2439 917 2461 Habt
997 2438 1079 2469 parta
1098 2444 1115 2462 a
1133 2435 1283 2469 prioribus]
1305 2436 1387 2468 parta
1405 2435 1496 2469 priore
1516 2438 1540 2461 Η
1558 2445 1591 2462 m.
1607 2445 1655 2462 sec.
1671 2435 1734 2461 add⁴
1750 2436 1780 2460 in
1799 2436 1921 2469 marqine

194 2472 223 2494 27
245 2469 328 2504 quae]
348 2478 400 2502 que
420 2472 443 2494 Η
462 2479 495 2495 m.
510 2480 549 2502 Jr.
638 2471 733 2505 officii]
754 2472 828 2497 offici
848 2474 871 2496 H
892 2481 922 2497 m.
939 2482 986 2498 sec.
1088 2474 1121 2497 28
1145 2471 1294 2505 extinctus]
1320 2471 1441 2497 extintus
1460 2474 1485 2496 H
1589 2474 1621 2497 29
1646 2471 1770 2504 Monam]
1795 2470 1886 2496 Noma
1904 2473 1919 2495 b

194 2525 225 2548 30
246 2522 395 2562 occasioni]
415 2524 572 2549 occansioni
592 2527 615 2549 H
688 2528 719 2551 31
740 2524 879 2559 Namque]
899 2525 1016 2558 Nanque
1036 2528 1050 2550 b
1124 2524 1276 2559 Brittanni]
1296 2524 1432 2550 brittania
1451 2527 1475 2549 Η
1494 2533 1527 2550 m.
1540 2534 1592 2558 pr..
1612 2507 1745 2551 brittaiiria
1764 2526 1787 2549 Η
1806 2533 1838 2549 m.
1854 2532 1912 2556 sec,
1932 2523 1991 2549 Bri-

194 2558 271 2584 tanni
291 2560 346 2583 abt
427 2558 562 2593 conferre]
583 2560 714 2586 coniferre
734 2562 775 2585 nt
862 2563 894 2586 32
915 2560 1136 2595 interpretando]
1156 2559 1229 2585 inter
1248 2569 1314 2594 prae
1334 2560 1420 2586 tando
1440 2562 1489 2593 Et,
1508 2560 1719 2595 interpretando
1739 2562 1754 2585 b
1841 2558 1990 2594 patientia]

194 2593 330 2626 pacientia
351 2603 374 2622 a,
395 2594 532 2628 sapientia
553 2598 568 2619 b
651 2598 682 2621 33
702 2595 900 2631 tolerantibus]
920 2596 1115 2622 tollerantibus
1135 2600 1168 2621 at
1241 2595 1423 2630 imperentur]
1443 2595 1596 2630 imperatur
1615 2598 1629 2621 b
1710 2603 1741 2620 ex
1762 2595 1862 2628 quibus
1881 2595 1990 2629 scripsi:
