2112 2891
167 335 180 361 7

201 251 219 281 6
791 244 959 271 CORNELII
978 244 1097 270 TACITI
1117 243 1320 270 AGRICOLAE
1341 246 1409 270 7-9
1914 243 1999 270 ABG!

311 330 450 371 Sequens
484 340 583 360 annus
617 327 704 369 gravi
740 328 867 358 vulnere
901 327 1040 357 animum
1075 326 1266 366 domumque
1300 326 1366 356 eius
1400 325 1523 357 afflixit.
1570 324 1652 356 Nam
1681 324 1790 357 classis
1819 324 2000 356 Othoniana

200 377 331 407 licenter
356 386 435 416 vaga
459 374 532 404 dum
556 372 745 404 Intimilium
766 371 928 413 (Liguriae
952 381 1024 412 pars
1049 370 1110 412 est)
1130 370 1292 401 hostiliter
1310 371 1491 411 populatur,
1510 371 1643 400 matrem
1663 369 1833 412 Agricolae
1856 370 1890 401 in
1910 381 1999 411 prae-

201 421 259 451 diis
291 420 355 450 suis
387 418 544 450 interfecit
573 417 765 458 praediaque
795 416 864 456 ipsa
892 418 924 446 et
950 426 1096 456 magnam
1127 415 1312 455 patrimonii
1341 416 1463 455 partem
1493 414 1635 455 diripuit,
1664 425 1743 455 quae
1772 425 1867 446 causa
1895 415 1999 446 caedis

200 465 311 495 fuerat.
356 463 458 505 Igitur
486 463 525 493 ad
554 461 719 492 sollemnia
752 460 880 501 pietatis
909 460 1071 500 profectus
1101 459 1253 501 Agricola
1281 459 1394 489 nuntio
1428 459 1566 489 affectati
1598 470 1615 489 a
1644 458 1840 500 Vespasiano
1874 459 1999 500 imperii

201 508 413 549 deprehensus
441 518 476 537 ac
505 507 612 537 statim
638 506 669 536 in
698 508 804 546 partes
829 506 1047 546 transgressus
1072 506 1126 534 est.
1173 503 1268 534 Initia
1292 504 1489 544 principatus
1518 514 1553 534 ac
1577 505 1695 534 statum
1719 503 1808 534 urbis
1832 503 1998 535 Mucianus

200 553 330 595 regebat
352 553 463 583 iuvene
488 551 656 582 admodum
677 549 861 580 Domitiano
881 551 912 579 et
931 560 969 579 ex
989 551 1119 589 paterna
1138 549 1267 579 fortuna
1285 549 1411 578 tantum
1430 547 1590 579 licentiam
1609 550 1797 589 usurpante:
1820 548 1847 579 is
1867 549 1999 579 missum

201 598 240 628 ad
263 597 396 628 dilectus
420 595 557 637 agendos
586 594 766 636 Agricolam
793 595 980 634 integreque
1004 604 1039 623 ac
1063 595 1190 623 strenue
1210 594 1371 623 versatum
1395 592 1562 623 vicesimae
1581 592 1701 634 legioni
1725 592 1813 623 tarde
1837 592 1876 623 ad
1901 603 2000 624 saera-

200 644 340 673 mentum
365 643 578 682 transgressae
602 639 794 680 praeposuit,
819 638 873 668 ubi
898 638 1042 668 decessor
1066 637 1215 668 seditiose
1239 648 1332 679 agere
1356 636 1551 667 narrabatur.
1591 636 1715 678 Quippe
1738 637 1853 679 legatis
1873 647 1999 678 quoque

201 685 417 717 consularibus
442 685 539 715 nimia
569 694 605 714 ac
633 683 842 714 formidolosa
870 685 936 713 erat
961 693 1018 713 nec
1042 682 1166 723 legatus
1194 682 1374 723 praetorius
1398 681 1436 711 ad
1461 681 1672 712 cohibendum
1697 684 1820 723 potens,
1844 682 1999 713 incertum

201 742 257 761 suo
282 741 320 761 an
345 730 481 761 militum
505 728 641 770 ingenio.
680 727 728 758 Ita
752 738 916 758 successor
939 726 1035 757 simul
1054 729 1086 757 et
1105 727 1191 758 ultor
1210 726 1328 757 electus
1349 726 1510 757 rarissima
1531 726 1748 757 moderatione
1768 727 1882 757 maluit
1900 726 1998 758 videri

202 775 356 806 invenisse
381 774 480 805 bonos
506 784 600 813 quam
624 772 744 804 fecisse.

312 818 457 849 Praeerat
490 820 566 848 tunc
595 816 771 848 Brittaniae
801 816 929 847 Vettius
959 815 1100 846 Bolanus
1130 814 1297 856 placidius,
1331 825 1424 856 quam
1454 815 1554 846 feroci
1581 815 1746 856 provincia
1774 815 1906 857 dignum
1940 817 2000 847 est:

202 863 387 904 temperavit
407 862 558 904 Agricola
578 862 641 892 vim
662 872 749 892 suam
775 860 984 901 ardoremque
1004 860 1208 901 compescuit,
1228 870 1267 890 ne
1287 859 1483 900 incresceret,
1502 859 1623 901 peritus
1643 859 1775 900 obsequi
1795 860 2001 902 eruditusque

201 908 293 938 utilia
316 907 459 938 honestis
480 906 617 937 miscere.
656 906 749 936 Brevi
771 905 883 936 deinde
903 904 1062 935 Brittania
1082 904 1279 935 consularem
1300 904 1449 935 Petilium
1471 904 1625 935 Cerialem
1645 905 1774 946 accepit.
1812 904 2002 936 Habuerunt

202 953 334 983 virtutes
359 951 494 992 spatium
521 951 748 992 exemplorum.
796 949 857 980 Sed
882 950 984 991 primo
1011 948 1142 980 Cerialis
1166 949 1291 980 labores
1317 949 1410 979 modo
1436 950 1467 980 et
1491 949 1683 989 discrimina,
1708 960 1782 980 mox
1811 952 1842 980 et
1867 950 2001 991 gloriam

202 996 468 1028 communicabat:
502 1006 593 1036 saepe
626 995 707 1036 parti
743 995 898 1025 exercitus
932 995 965 1025 in
994 993 1261 1034 experimentum,
1290 993 1461 1034 aliquando
1491 993 1665 1025 maioribus
1694 993 1795 1034 copiis
1824 1005 1862 1024 ex
1887 996 2001 1025 eventu

201 1041 359 1082 praefecit.
405 1040 472 1071 Nec
501 1040 652 1081 Agricola
681 1050 832 1079 umquam
863 1039 895 1069 in
925 1050 1013 1069 suam
1042 1039 1159 1069 famam
1190 1038 1287 1079 gestis
1317 1039 1485 1069 exultavit:
1513 1039 1553 1069 ad
1581 1041 1743 1069 auctorem
1772 1049 1807 1069 ac
1831 1038 1942 1070 ducem
1966 1040 2003 1069 ut

202 1086 344 1116 minister
367 1085 526 1115 fortunam
548 1084 712 1115 referebat.
750 1083 799 1114 Ita
818 1083 936 1114 virtute
962 1083 993 1114 in
1018 1083 1231 1124 obsequendo,
1251 1082 1439 1114 verecundia
1458 1083 1491 1113 in
1510 1083 1721 1124 praedicando
1741 1085 1830 1114 extra
1850 1083 2001 1114 invidiam

201 1141 258 1160 nec
281 1132 370 1160 extra
393 1129 527 1171 gloriam
552 1131 626 1159 erat.

312 1173 532 1205 Revertentem
566 1172 604 1204 ab
638 1172 798 1215 legatione
831 1172 966 1213 legionis
998 1171 1099 1202 Divus
1125 1171 1340 1213 Vespasianus
1370 1172 1451 1203 inter
1479 1172 1631 1212 patricios
1660 1171 1796 1203 adscivit
1823 1183 1859 1204 ac
1889 1171 2001 1203 deinde

202 1218 381 1259 provinciae
400 1218 591 1258 Aquitaniae
612 1217 805 1258 praeposuit,
824 1216 1007 1258 splendidae
1028 1216 1175 1258 inprimis
1195 1216 1361 1257 dignitatis
1381 1216 1658 1248 administratione
1680 1227 1716 1248 ac
1735 1227 1790 1258 spe
1810 1217 2002 1257 consulatus,

203 1263 252 1294 cni
282 1263 460 1293 destinarat.
508 1261 646 1293 Credunt
675 1261 817 1303 plerique
846 1261 1038 1292 militaribus
1067 1261 1204 1303 ingeniis
1234 1261 1445 1292 subtilitatem
1475 1261 1592 1302 deesse,
1621 1261 1696 1302 quia
1719 1262 1888 1293 castrensis
1912 1261 2003 1292 iuris-

203 1307 298 1339 dictio
324 1318 433 1338 secura
457 1309 487 1337 et
512 1307 657 1338 obtusior
681 1318 716 1337 ae
740 1307 832 1347 plura
857 1317 952 1337 manu
977 1316 1073 1347 agens
1098 1306 1304 1336 calliditatem
1329 1306 1391 1337 fori
1415 1317 1480 1337 non
1504 1308 1657 1338 exerceat.
1696 1305 1847 1347 Agricola
1866 1305 2002 1337 naturali

202 1351 368 1392 prudentia
396 1352 539 1392 quamvis
569 1352 650 1382 inter
679 1354 807 1393 togatos
837 1350 928 1381 facile
959 1351 1104 1391 iusteque
1133 1350 1255 1391 agebat.
1303 1349 1369 1381 Iam
1394 1361 1468 1382 vero
1497 1353 1642 1392 tempora
1671 1362 1815 1382 curarum
1846 1351 2002 1382 remissio-

203 1407 341 1436 numque
366 1395 478 1426 divisa:
503 1396 557 1426 ubi
578 1398 751 1426 conventus
771 1406 807 1426 ac
827 1395 943 1426 iudicia
962 1397 1139 1435 poscerent,
1159 1395 1273 1436 gravis,
1294 1395 1446 1435 intentus,
1466 1406 1594 1427 severus
1615 1397 1646 1425 et
1665 1395 1790 1436 saepius
1810 1395 2003 1436 misericors3

203 1440 256 1471 ubi
281 1440 386 1471 officio
416 1441 492 1471 satis
520 1440 650 1480 factum,
683 1440 770 1471 nulla
803 1440 887 1470 ultra
912 1441 1080 1480 potestatis
1109 1451 1254 1480 persona,
1282 1439 1446 1470 tristitiam
1477 1442 1507 1471 et
1536 1440 1752 1482 arrogantiam
1782 1442 1813 1471 et
1837 1440 2003 1471 avaritiam

203 1487 339 1516 exuerat.
385 1484 452 1515 Nec
481 1484 536 1523 illi,
565 1484 649 1525 quod
679 1487 726 1515 est
754 1485 961 1524 rarissimum,
990 1486 1045 1515 aut
1074 1484 1212 1515 facilitas
1236 1484 1459 1515 auctoritatem
1488 1487 1544 1515 aut
1568 1484 1719 1515 severitas
1743 1495 1883 1516 amorem
1908 1484 2004 1515 demi-

203 1530 279 1560 nuit.
326 1528 543 1571 Integritatem
569 1531 664 1570 atque
689 1529 912 1560 abstinentiam
939 1529 970 1559 in
996 1530 1085 1559 tanto
1110 1529 1178 1559 viro
1203 1528 1319 1560 referre
1343 1529 1458 1560 iniuria
1482 1529 1636 1560 virtutum
1662 1529 1766 1561 fuerit.
1813 1529 1862 1560 Ne
1885 1529 2002 1560 famam

203 1573 338 1614 quidem,
367 1575 415 1604 cui
447 1584 538 1614 saepe
567 1574 663 1604 etiam
693 1573 768 1605 boni
792 1574 968 1615 indulgent,
993 1574 1183 1604 ostentanda
1206 1574 1324 1604 virtute
1349 1575 1404 1604 aut
1426 1584 1482 1614 per
1506 1576 1604 1605 artem
1631 1574 1800 1615 quaesivit:
1828 1573 1941 1615 procul
1964 1573 2002 1605 ab

204 1618 413 1649 aemulatione
438 1618 587 1649 adversus
611 1618 758 1659 collegas,
782 1619 895 1659 procul
919 1629 937 1649 a
961 1618 1165 1649 contentione
1190 1618 1339 1649 adversus
1369 1622 1590 1659 procuratores
1621 1620 1651 1649 et
1676 1618 1800 1650 vincere
1829 1618 2003 1660 inglorium

203 1665 234 1692 et
258 1663 347 1693 atteri
373 1662 534 1693 sordidum
564 1662 786 1694 arbitrabatur.
835 1663 940 1694 Minus
969 1663 1143 1694 triennium
1171 1663 1204 1693 in
1233 1673 1268 1694 ea
1292 1663 1453 1704 legatione
1483 1663 1629 1694 detentus
1658 1674 1693 1693 ac
1718 1663 1826 1694 statim
1852 1664 1890 1694 ad
1915 1674 2003 1704 spem

203 1707 384 1738 consulatus
408 1710 572 1738 revocatus
598 1709 645 1738 est
673 1707 844 1738 comitante
873 1708 1033 1749 opinione,
1058 1707 1249 1738 Brittaniam
1275 1707 1302 1738 ei
1326 1707 1523 1748 provinciam
1547 1708 1622 1747 dari,
1643 1707 1740 1738 nullis
1764 1708 1797 1738 in
1821 1707 1882 1739 hoc
1903 1707 2003 1749 ipsius

204 1751 409 1791 sermonibus,
442 1751 497 1782 sed
529 1751 603 1792 quia
637 1763 694 1792 par
727 1752 901 1783 videbatur.
948 1751 1043 1783 Haud
1076 1762 1201 1793 semper
1234 1754 1318 1782 errat
1350 1751 1442 1792 fama,
1476 1752 1649 1793 aliquando
1679 1754 1710 1782 et
1738 1752 1837 1793 eligit.
1886 1751 2004 1783 Consul

203 1796 346 1837 egregiae
371 1798 437 1827 tum
462 1797 529 1837 spei
549 1795 647 1827 filiam
668 1797 771 1827 iuveni
794 1796 872 1827 mihi
893 1797 1061 1838 despondit
1081 1807 1117 1827 ac
1136 1798 1210 1837 post
1230 1796 1430 1827 consulatum
1450 1796 1628 1837 collocavit,
1648 1799 1679 1827 et
1699 1797 1807 1827 statim
1827 1796 2004 1828 Brittaniae

203 1840 401 1880 praepositus
426 1843 473 1871 est
497 1841 620 1872 adiecto
644 1841 849 1882 pontificatus
874 1841 1059 1873 sacerdotio.

310 1966 322 1988 1
344 1963 441 1997 annus]
463 1966 535 1989 annu
648 1963 760 1999 afflixit]
780 1964 888 1990 adflixit
1000 1964 1106 1999 classis]
1128 1964 1213 1990 claxis
1272 1974 1304 1990 m.
1320 1974 1364 1998 pr.
1449 1968 1463 1990 2
1483 1964 1647 1990 Intimilium
1668 1966 1831 1991 Mommsen:
1852 1964 1879 1990 in
1900 1963 2004 1998 templo

204 2000 287 2023 ABGT
364 2000 489 2033 matrem]
512 2007 575 2024 nam
595 2001 711 2025 matrem
732 2002 779 2031 GT,
799 2001 844 2026 sed
863 2009 927 2026 nam
947 2001 977 2026 in
997 2003 1017 2025 G
1032 2009 1106 2026 nunc
1119 2009 1185 2026 eras.
1279 2003 1293 2025 3
1314 2000 1408 2035 causa]
1429 2008 1513 2026 casua
1532 2003 1551 2025 T
1570 2009 1603 2026 m,
1615 2008 1658 2034 pr.
1751 2003 1766 2025 4
1787 1999 1943 2034 sollemnia]
1962 2008 2003 2025 so-

203 2033 305 2059 lemnia
323 2036 406 2059 ABGT
480 2034 612 2069 affectati]
634 2034 727 2060 affecti
747 2038 767 2060 G
788 2045 874 2069 mpr.
949 2039 964 2061 5
985 2036 1183 2070 deprehensus]
1205 2036 1361 2069 dephensus
1382 2039 1410 2067 G,
1431 2036 1619 2069 deprehensus
1638 2037 1681 2062 est
1791 2036 1897 2070 partes]
1916 2035 2005 2069 partis

204 2071 222 2094 B
291 2069 341 2103 est]
363 2078 411 2096 om.
427 2072 446 2094 B
519 2070 674 2104 Mucianus]
696 2070 837 2097 Mutianus
857 2073 922 2096 ABG
995 2074 1008 2096 7
1030 2071 1162 2106 dilectus]
1182 2071 1306 2097 delectus
1327 2073 1411 2096 ABGT
1483 2071 1635 2106 versatum]
1654 2073 1784 2097 uersante
1803 2074 1825 2096 A
1843 2080 1877 2098 m.
1889 2079 1933 2105 pr.

203 2104 359 2139 vicesimae]
380 2105 513 2140 uigesime
638 2109 652 2131 8
673 2106 731 2140 ubi]
753 2106 801 2132 ubi
822 2115 882 2138 cum
903 2109 931 2138 G,
952 2115 1070 2140 eaepmzoe.
1086 2116 1119 2132 m.
1133 2115 1175 2140 pr.
1268 2109 1283 2132 9
1302 2107 1414 2141 potens]
1434 2108 1464 2133 z'n
1484 2110 1504 2132 G
1523 2106 1587 2133 add.
1603 2108 1633 2132 in.
1652 2108 1775 2141 margine
1794 2115 1827 2133 m.
1842 2115 1882 2140 pr.
1903 2107 2004 2140 potest,

203 2140 248 2165 sed
267 2149 339 2166 nune
357 2149 424 2167 eras.
490 2144 520 2167 10
540 2140 625 2175 ultor]
645 2141 735 2167 ulctor
749 2144 841 2171 ABGT,
860 2143 906 2169 sed
926 2151 939 2168 c
959 2143 988 2168 in
1003 2145 1024 2167 A
1039 2146 1162 2176 erpunct.
1230 2146 1259 2168 11
1276 2142 1373 2177 bonos]
1390 2142 1476 2168 dono<
1492 2145 1511 2167 B
1577 2145 1608 2168 12
1625 2142 1790 2178 Brittaniae]
1805 2142 1960 2169 Brittaniae
1976 2145 2004 2174 G,

203 2193 360 2233 britanniae
375 2196 458 2219 ABT?
513 2194 634 2229 Vettius]
652 2183 739 2221 vgtius
759 2198 781 2220 A
854 2196 987 2231 Bolanus]
1007 2196 1130 2222 Volanus
1150 2198 1214 2221 AGT
1292 2196 1447 2231 provincia]
1470 2196 1612 2229 prouintia
1632 2198 1654 2221 A
1727 2199 1758 2222 13
1784 2195 1909 2230 obsequi]
1934 2197 1965 2222 in
1985 2198 2005 2221 G

204 2229 266 2254 add.
282 2238 309 2254 m
330 2231 452 2263 maryine
470 2238 557 2263 .
578 2231 716 2264 consequi,
740 2232 785 2257 sed
811 2240 882 2257 nunc
906 2240 972 2258 eras.
1066 2235 1096 2258 13
1117 2231 1267 2265 Brittania]
1293 2231 1435 2257 britannia
1454 2234 1537 2257 ABT?
1627 2231 1768 2266 Petilium]
1793 2232 1823 2258 in
1847 2234 1868 2256 G
1892 2232 1955 2258 add.
1974 2232 2005 2258 in

204 2283 325 2316 margine
344 2282 443 2315 petillu
503 2282 649 2319 Cerialem]
669 2284 817 2310 caerialem
836 2287 900 2310 AGT
960 2285 1134 2320 Habuerunt]
1155 2286 1185 2311 'in
1205 2288 1224 2310 G
1244 2286 1307 2311 add.
1328 2286 1358 2311 in
1376 2287 1499 2319 maryine
1518 2285 1618 2311 habuit
1687 2288 1718 2311 15
1738 2285 1867 2320 virtutes]
1886 2273 2005 2311 uirtutes

205 2320 224 2342 G
279 2318 411 2352 spatium]
431 2318 554 2351 spacium
574 2322 595 2344 A
650 2320 850 2354 exemplorum]
871 2322 898 2345 in
921 2323 940 2345 G
959 2321 1022 2346 add.
1043 2322 1072 2346 in
1092 2322 1214 2355 margine
1234 2321 1346 2354 exeplar
1400 2320 1526 2356 Cerialis]
1548 2320 1680 2346 Caerialis
1699 2324 1744 2346 AG
1808 2323 1840 2346 20
1860 2320 2005 2355 patricios]

203 2353 333 2385 patritios
354 2355 414 2378 BGT
505 2355 631 2389 adscivit]
654 2356 753 2381 ascivit
773 2358 792 2380 G
813 2366 844 2381 m.
857 2365 900 2389 pr.
992 2360 1023 2382 21
1045 2357 1217 2391 provinciae]
1241 2356 1381 2391 prouintie
1401 2359 1422 2381 A
1514 2356 1694 2391 Aquitaniae]
1718 2356 1878 2391 aequitanie
1897 2359 1917 2382 B

204 2388 376 2423 praeposuit]
395 2389 540 2422 proposuit
559 2392 577 2414 B
675 2394 707 2416 22
728 2391 835 2424 deesse]
857 2392 953 2417 adesse
972 2394 991 2416 B
1083 2394 1116 2418 23
1136 2391 1270 2426 obtusior]
1292 2392 1417 2425 optusior
1437 2395 1457 2417 G
1475 2401 1509 2418 m.
1521 2401 1565 2426 pr.
1639 2392 1691 2418 fori
1712 2393 1779 2427 non]
1799 2391 1877 2418 forefi
1896 2394 1916 2417 B

204 2427 237 2448 24
256 2424 392 2458 tempora]
412 2425 544 2458 temporis
564 2427 591 2451 et
703 2429 736 2451 25
751 2427 867 2461 iudicia]
883 2427 984 2453 iuditia
1003 2430 1024 2452 A
1098 2430 1130 2453 26
1151 2427 1227 2453 nulla
1247 2449 1269 2453 ..
1291 2436 1408 2461 persona
1427 2428 1589 2454 Rhenanus:
1609 2427 1714 2453 nullam
1731 2449 1754 2453 ..
1774 2435 1921 2461 personam
1940 2429 2005 2453 ABG

203 2468 236 2485 m.
248 2468 301 2493 pr
320 2459 425 2485 nullam
442 2481 464 2485 i.
480 2469 597 2493 persona
617 2464 637 2486 G
656 2470 723 2488 corr.
830 2462 987 2497 avaritiam]
1011 2462 1163 2488 auariciam
1183 2465 1204 2488 A
1278 2466 1308 2488 27
1330 2463 1464 2498 facilitas]
1485 2463 1603 2489 facultas
1705 2463 1853 2497 deminuit]
1874 2462 2006 2489 diminuit

204 2497 246 2520 AB
337 2498 368 2520 28
389 2495 483 2529 luerit]
504 2496 583 2528 fieret
602 2496 687 2523 fuerit
706 2500 734 2525 G.
754 2506 872 2531 expunrc.
891 2507 921 2523 m.
935 2507 977 2531 pr.
1069 2501 1102 2524 29
1123 2506 1205 2532 saepe
1221 2499 1317 2533 etiam]
1337 2499 1422 2524 etiam
1443 2507 1526 2532 saepe
1545 2501 1564 2524 B
1655 2499 1822 2525 ostentanda
1842 2499 2004 2525 Rhenanus:

204 2531 397 2556 ostentandam
417 2533 501 2556 ABGT
569 2533 680 2566 virtute]
702 2535 763 2559 uite
783 2536 804 2558 A
824 2542 856 2559 m.
868 2542 922 2566 pr
942 2534 1063 2560 uirtute*
1084 2537 1112 2565 G,
1132 2543 1159 2559 m
1179 2543 1245 2560 eras.
1333 2534 1481 2569 quaesivit]
1502 2534 1623 2568 quaesiit
1643 2537 1682 2559 GT
1751 2537 1782 2560 31
1804 2534 1899 2569 atteri]
1919 2533 2005 2560 aeteri

205 2567 223 2590 B
313 2569 345 2591 32
367 2566 544 2601 Brittaniam]
565 2567 751 2594 Brittanniam
772 2571 820 2601 GT,
841 2569 1014 2595 Britanniam
1033 2572 1076 2595 AB
1166 2570 1350 2604 provinciam]
1374 2570 1547 2603 prouintiam
1566 2572 1588 2595 A
1678 2570 1778 2604 ipsius]
1798 2570 1855 2596 suis
1873 2571 1917 2595 AB

205 2604 237 2626 33
257 2601 349 2636 Haud]
374 2604 423 2627 aut
441 2604 461 2627 B
547 2604 630 2637 errat]
655 2606 715 2629 erat
844 2604 935 2639 eligit]
955 2604 1041 2638 elegit
1059 2607 1101 2630 AB
1191 2608 1223 2631 34
1243 2605 1372 2639 egregiae
1393 2606 1573 2632 Puteolanus:
1595 2606 1739 2640 *graeciae
1760 2608 1788 2638 G,
1808 2605 1933 2639 graeciae
1953 2607 2004 2638 ,

205 2638 282 2672 grate
302 2639 322 2662 A
341 2638 369 2663 in
392 2638 520 2671 muryine,
539 2640 617 2671 grate
638 2640 656 2663 B
730 2647 761 2664 ac
781 2641 856 2674 post]
918 2643 981 2673 post
999 2643 1018 2665 B
1092 2640 1260 2675 Brittaniae]
1280 2641 1454 2667 Brittanniae
1474 2644 1522 2673 GT,
1542 2641 1681 2676 britannie
1701 2643 1744 2666 AB

2015 738 2040 757 1

2017 960 2041 981 15

2017 1184 2043 1203 20

2017 1406 2042 1426 25

2018 1629 2044 1649 30

2019 1850 2044 1870 85
