2112 2891
162 388 198 414 24

218 215 256 245 12
782 211 949 236 CORNELII
970 210 1087 236 TACITI
1107 210 1310 236 AGRICOLAE
1331 213 1434 237 23—26
1928 215 2013 238 Habt

215 296 311 326 maris
331 295 470 326 aestibus
489 305 544 335 per
564 293 753 324 immensum
773 294 916 323 revectae
939 294 1076 333 angusto
1101 294 1257 323 terrarum
1282 292 1385 333 spatio
1410 292 1611 324 dirimuntur.
1649 292 1738 330 Quod
1758 295 1828 325 tum
1846 294 2013 335 praesidiis

215 340 402 371 firmabatur
424 341 517 379 atque
542 338 645 369 omnis
670 337 800 378 propior
824 337 913 367 sinus
937 336 1104 368 tenebatur
1128 337 1296 368 summotis
1320 337 1407 368 velut
1431 337 1463 368 in
1487 337 1581 368 aliam
1606 338 1741 369 insulam
1765 337 1920 370 hostibus.

327 384 444 421 Quinto
474 381 710 423 expeditionum
739 392 821 412 auno
850 381 883 412 in
913 392 1000 412 oram
1030 380 1206 421 proximam
1235 383 1450 423 transgressus
1478 381 1603 423 ignotas
1632 382 1670 414 ad
1699 382 1731 413 id
1754 385 1879 423 tempus
1903 385 2013 425 gentes

215 429 332 460 crebris
361 428 454 459 simul
482 438 517 458 ac
546 426 706 468 prosperis
734 425 864 467 proeliis
894 426 1018 457 domuit
1046 436 1179 466 eamque
1207 428 1330 467 partem
1360 425 1546 467 Brittaniae,
1575 438 1654 468 quae
1679 427 1866 458 Hiberniam
1890 427 2014 468 aspicit,

215 473 315 515 copiis
340 472 499 509 instruxit,
523 473 555 502 in
580 482 667 512 spem
692 471 794 512 magis
819 481 913 511 quam
938 470 979 501 ob
998 470 1211 511 formidinem,
1231 470 1256 501 si
1277 470 1403 511 quidem
1424 470 1577 502 Hibernia
1597 471 1700 502 medio
1720 471 1803 502 inter
1821 471 2014 504 Brittaniam
2042 487 2053 506 ⁶

215 520 309 558 atque
332 517 518 558 Hispaniam
548 516 609 546 sita
638 518 668 546 et
693 515 815 546 Gallico
844 525 971 556 quoque
1000 514 1079 545 mari
1108 517 1290 556 opportuna
1314 514 1562 546 valentissimam
1592 515 1717 557 imperii
1741 518 1865 556 partem
1889 517 2013 559 magnis

215 563 246 593 in
265 563 365 593 vicem
384 561 492 592 usibus
512 560 682 591 miscuerit.
720 559 866 600 Spatium
887 559 962 599 eiua
983 559 1008 590 si
1028 559 1206 590 Brittaniae
1225 561 1435 600 comparetur,
1459 561 1625 602 angustius
1649 560 1750 592 nostri
1775 561 1871 592 maris
1895 561 2014 593 insulas

214 609 350 648 superat,
378 607 479 637 solum
508 605 692 645 caelumque
721 606 752 635 et
781 604 909 646 ingenia
933 603 1099 644 cultusque
1124 604 1288 635 hominum
1314 604 1398 635 haud
1422 604 1558 636 multum
1583 616 1601 636 a
1624 605 1783 636 Brittania
1809 605 1958 637 differunt
1982 606 2014 637 iu

214 651 336 691 melius,
364 650 468 681 aditus
496 652 668 690 portusque
697 660 752 689 per
782 649 971 680 commercia
1000 651 1031 679 et
1059 649 1274 690 negotiatores
1304 649 1434 689 cogniti.
1481 648 1633 691 Agricola
1662 649 1828 690 expulsum
1860 649 2014 682 seditione

215 695 385 726 domestica
412 705 510 725 unum
540 705 577 725 ex
606 693 724 735 regulis
753 693 857 734 gentis
882 695 1048 734 exceperat
1072 704 1109 724 ac
1133 694 1237 734 specie
1262 693 1420 725 amicitiae
1444 693 1477 724 in
1502 694 1699 725 occasionem
1724 694 1894 726 retinebat:
1923 705 2015 736 saepe
2030 709 2055 728 ιο

214 752 251 771 ex
275 750 311 771 eo
335 739 457 770 audivit
479 739 604 780 legione
628 749 691 769 una
714 740 745 768 et
770 738 902 769 modicis
927 738 1055 768 auxiliis
1080 737 1230 769 debellari
1252 737 1452 779 obtinerique
1472 737 1659 769 Hiberniam
1679 750 1781 780 posse,
1806 739 1900 780 idque
1920 740 2013 771 etiam

214 785 362 815 adversus
382 783 571 814 Brittaniam
591 783 805 824 profuturum,
829 783 855 813 si
876 782 1020 813 Romana
1039 782 1157 823 ubique
1176 794 1264 813 arma
1283 785 1315 813 et
1335 782 1422 814 velut
1441 785 1472 814 et
1491 785 1663 824 conspectu
1686 784 1816 815 libertas
1840 784 2014 815 tolleretur,

325 828 469 860 Ceterum
497 830 625 868 aestate,
649 838 711 868 qua
735 829 859 858 sextum
885 827 983 858 officii
1008 838 1124 858 annum
1150 827 1330 867 incohabat,
1356 828 1520 869 amplexus
1545 828 1690 859 civitates
1717 830 1805 859 trans
1830 828 2014 860 Bodotriam

214 874 299 914 sitas,
328 874 401 914 quia
428 875 534 903 motus
563 873 779 903 universarum
810 873 894 903 ultra
923 872 1067 913 gentium
1096 874 1127 902 et
1155 871 1270 902 infesta
1298 872 1446 903 hostibus
1475 873 1631 904 exercitus
1665 872 1779 903 itinera
1811 873 2014 914 timebantur,

214 920 323 959 portus
343 918 440 948 classe
461 917 647 957 exploravit.
685 916 770 953 Quae
790 916 829 947 ab
849 916 1000 957 Agricola
1020 917 1157 957 primum
1179 916 1347 957 adsumpta
1366 917 1399 948 in
1412 918 1535 958 partem
1551 917 1666 948 virium
1682 917 1873 958 sequebatur
1887 917 2015 960 egregia
2030 932 2054 951 1⁵

214 962 325 1003 specie,
349 973 419 993 cum
445 962 539 992 simul
564 964 655 995 terra.
685 962 780 992 simul
804 961 882 992 mari
908 960 1027 992 bellum
1052 961 1267 1002 impelleretur
1295 972 1330 992 ac
1355 972 1447 1002 saepe
1471 962 1571 993 isdem
1597 962 1708 993 castris
1733 961 1827 1003 pedes
1856 973 2014 1003 equesque

213 1010 244 1038 et
268 1006 411 1038 nauticus
436 1007 526 1037 miles
554 1006 645 1037 mixti
675 1006 776 1046 copiis
801 1008 831 1037 et
856 1005 978 1036 laetitia
1003 1017 1059 1036 sua
1083 1006 1218 1047 quisque
1242 1006 1336 1046 facta,
1361 1017 1435 1038 suos
1459 1016 1549 1037 casus
1579 1007 1761 1038 attollerent
1785 1017 1821 1037 ac
1844 1007 1938 1038 modo
1964 1007 2015 1038 sil-

214 1063 321 1082 varum
346 1062 380 1082 ac
404 1051 558 1082 montium
584 1050 750 1091 profunda,
775 1050 870 1081 modo
894 1052 1120 1091 tempestatum
1145 1061 1180 1082 ac
1205 1050 1358 1082 fluctuum
1383 1051 1523 1092 adversa,
1547 1050 1621 1082 hinc
1645 1053 1729 1082 terra
1753 1053 1784 1082 et
1808 1051 1919 1092 hostis,
1940 1051 2015 1083 hinc

215 1096 314 1127 victus
339 1095 480 1126 Oceanus
504 1095 634 1126 militari
660 1095 808 1126 iactantia
835 1098 1101 1136 compararentur.
1149 1095 1336 1127 Brittannos
1361 1106 1496 1137 quoque,
1525 1098 1560 1127 ut
1588 1107 1626 1127 ex
1656 1096 1790 1137 captivis
1819 1096 2015 1138 audiebatur,

215 1141 279 1171 visa
303 1140 410 1171 classis
435 1140 716 1181 obstupefaciebat,
740 1142 900 1180 tamquam
927 1142 1038 1180 aperto
1063 1141 1159 1171 maris
1184 1140 1231 1171 sui
1257 1142 1377 1171 secreto
1402 1140 1550 1172 ultimum
1571 1141 1665 1172 victis
1688 1141 1869 1182 perfugium
1893 1141 2014 1173 claude-
2031 1155 2056 1174 20

213 1187 306 1216 retur.
353 1184 402 1216 Ad
432 1195 543 1215 manus
572 1186 603 1215 et
631 1196 718 1215 arma
747 1184 889 1216 conversi
920 1184 1117 1216 Calidoniam
1147 1184 1320 1216 incolentes
1350 1185 1460 1226 populi
1489 1196 1605 1227 magno
1634 1187 1756 1226 paratu,
1780 1186 1898 1217 maiore
1922 1186 2016 1226 fama,

213 1230 258 1260 uti
287 1240 355 1260 mos
384 1231 432 1260 est
460 1229 496 1260 de
526 1229 652 1270 ignotis.
699 1228 892 1270 Oppugnare
923 1229 1006 1260 ultro
1041 1231 1206 1261 castellum
1241 1229 1343 1260 adorti
1376 1232 1494 1260 metum
1523 1232 1559 1260 ut
1586 1232 1795 1271 provocantes
1823 1229 2015 1272 addiderant,

213 1273 515 1315 regrediendumque
542 1274 622 1304 citra
651 1273 835 1305 Bodotriam
864 1276 895 1304 et
925 1274 1097 1304 cedendum
1128 1275 1243 1315 potius,
1273 1285 1367 1315 quam
1396 1276 1598 1315 pellerentur,
1623 1274 1729 1316 ignavi
1755 1275 1858 1316 specie
1882 1274 2016 1316 pruden-

212 1319 291 1349 tium
316 1318 536 1358 admonebant,
560 1329 630 1349 cum
655 1318 781 1349 interim
808 1319 973 1360 cognoscit
995 1318 1097 1350 hostis
1122 1319 1267 1359 pluribus
1287 1319 1469 1361 agminibus
1489 1319 1681 1360 inrupturos.
1720 1318 1768 1351 Ac
1786 1331 1825 1351 ne
1846 1322 2014 1360 superante

213 1374 342 1394 numero
367 1365 398 1393 et
421 1363 535 1403 peritia
559 1363 700 1394 locorum
726 1362 954 1403 circumiretur,
979 1364 1081 1394 diviso
1106 1366 1137 1395 et
1160 1364 1229 1405 ipse
1254 1363 1285 1394 in
1310 1366 1374 1395 tres
1399 1366 1505 1405 partes
1531 1364 1671 1395 exercitu
1696 1364 1832 1403 incessit.
2030 1377 2054 1396 π,

324 1407 414 1445 Quod
443 1407 497 1438 ubi
525 1408 687 1449 cognitum
717 1407 811 1449 hosti,
840 1410 964 1439 mutato
993 1410 1122 1450 repente
1150 1408 1283 1439 consilio
1313 1408 1451 1440 universi
1481 1420 1598 1440 nonam
1626 1409 1785 1450 legionem
1815 1411 1850 1440 ut
1878 1409 2015 1440 maxime

213 1452 380 1483 invalidam
407 1454 498 1483 nocte
526 1452 668 1494 adgressi
696 1453 779 1483 inter
807 1463 952 1484 somnum
982 1464 1018 1483 ac
1046 1453 1288 1494 trepidationem
1318 1453 1416 1484 caesis
1445 1453 1596 1495 vigilibus
1626 1453 1781 1494 inrupere.
1828 1452 1959 1495 Iamque
1982 1454 2015 1485 in

212 1497 288 1537 ipsis
317 1497 428 1528 castris
456 1497 668 1538 pugnabatur,
696 1507 766 1528 cum
795 1497 947 1538 Agricola
977 1497 1037 1529 iter
1065 1497 1205 1529 hostium
1235 1497 1274 1529 ab
1303 1498 1559 1539 exploratoribus
1589 1499 1719 1529 edoctus
1748 1500 1779 1529 et
1803 1499 1946 1539 vestigiis
1970 1498 2015 1529 in-

213 1542 338 1572 secutus
369 1541 582 1572 velocissimos
614 1541 756 1582 equitum
785 1542 991 1583 peditumque
1019 1542 1179 1573 adsultare
1207 1543 1306 1584 tergis
1335 1543 1546 1584 pugnantium
1576 1542 1672 1583 iubet,
1698 1553 1770 1573 mox
1795 1542 1835 1573 ab
1860 1543 2014 1574 universis

212 1586 291 1617 adici
317 1586 496 1617 clamorem.
534 1586 577 1616 Et
602 1587 780 1627 propinqua
805 1587 874 1617 luce
899 1587 1015 1618 fulsere
1040 1588 1138 1629 signa.
1176 1586 1225 1618 Ita
1249 1587 1381 1628 ancipiti
1405 1588 1489 1618 malo
1514 1587 1616 1619 territi
1638 1587 1808 1628 Brittanni,
1831 1590 1862 1619 et
1880 1587 2015 1619 nonanis
2030 1601 2055 1620 κο

212 1630 292 1661 redit
315 1630 446 1661 animus.
492 1630 539 1660 Ac
563 1631 665 1661 securi
689 1642 747 1671 pro
773 1632 874 1663 salute
899 1631 937 1662 de
961 1632 1064 1673 gloria
1088 1632 1259 1672 certabant,
1284 1633 1367 1663 ultro
1393 1632 1469 1673 quin
1494 1633 1589 1663 etiam
1615 1643 1755 1673 erupere,
1784 1634 1815 1663 et
1839 1632 1901 1663 fuit
1924 1634 2014 1664 atrox

214 1675 244 1705 in
269 1675 344 1715 ipsis
369 1677 532 1715 portarum
557 1676 712 1717 angustiis
737 1676 903 1717 proelium,
927 1676 1026 1708 donec
1046 1677 1129 1717 pulsi
1151 1676 1267 1716 hostes⁷
1288 1679 1422 1717 utroque
1443 1677 1583 1708 exercitu
1603 1678 1752 1713 certante,
1771 1676 1830 1717 his,
1850 1679 1885 1708 ut
1905 1677 2014 1708 tulisse

212 1730 311 1759 opem,
336 1719 409 1759 illis,
433 1731 472 1750 ne
496 1720 619 1761 eguisse
644 1720 762 1751 auxilio
788 1721 977 1751 viderentur.
1017 1720 1107 1758 Quod
1134 1721 1193 1751 nisi
1218 1721 1350 1762 paludes
1374 1723 1406 1752 et
1430 1721 1527 1752 silvae
1551 1722 1709 1763 fugientes
1730 1721 1893 1762 texissent,
1913 1721 2015 1752 debel—

211 1763 311 1794 latum
336 1764 390 1794 illa
414 1765 548 1795 victoria
572 1765 662 1796 foret.

317 1854 331 1876 2
352 1852 444 1886 atque]
467 1852 556 1884 adque
575 1855 599 1877 Η
620 1862 651 1878 m.
663 1862 707 1886 pr.
765 1853 885 1887 propior]
907 1854 1033 1887 proprior
1051 1856 1115 1879 ΗΜ
1183 1856 1197 1878 3
1218 1854 1246 1879 in
1265 1862 1341 1879 oram
1361 1854 1514 1887 proximam
1533 1856 1643 1887 scripsi:
1663 1862 1734 1880 naue
1754 1854 1844 1888 prima
1863 1856 1948 1879 Παῦε

212 1888 406 1921 transgressus]
423 1889 595 1921 trangressus
610 1890 651 1913 Et
705 1890 810 1923 gentes]
833 1890 924 1921 gentis
943 1892 958 1914 b
1014 1893 1029 1915 4
1050 1889 1215 1923 Brittaniae]
1237 1889 1393 1915 britanniae
1412 1892 1436 1915 Η
1455 1899 1488 1915 m.
1503 1898 1551 1916 sec.
1567 1892 1645 1916 abt?
1701 1893 1715 1914 5
1736 1889 1876 1924 iustruxit]
1897 1889 2014 1915 instruc—

212 1923 252 1948 xit
270 1925 294 1947 Η
314 1932 345 1948 m.
358 1932 410 1956 pr,
430 1923 547 1948 intruxit
566 1933 581 1948 ει
641 1924 686 1957 ob]
708 1924 735 1949 in
754 1927 769 1949 b
826 1925 1004 1959 Brittaniam]
1026 1925 1195 1951 britanniam
1215 1927 1239 1950 Η
1260 1934 1290 1951 m.
1307 1934 1354 1951 sec.
1371 1928 1448 1951 abt?
1521 1928 1536 1950 6
1556 1925 1730 1959 Hispaniam]
1752 1925 1917 1959 hyspaniam
1937 1929 1949 1950 t

211 1959 375 1992 opportuna]
397 1960 532 1991 oportuna
551 1961 584 1984 bt
643 1959 870 1995 valentissimam]
893 1961 1111 1987 uolentissimam
1131 1963 1155 1986 Η
1175 1970 1207 1986 m.
1223 1970 1270 1987 sec.
1332 1964 1345 1986 7
1367 1961 1532 1995 Brittaniae]
1553 1961 1709 1987 britanniae
1729 1963 1753 1986 Η
1774 1971 1804 1986 w.
1820 1969 1868 1987 sec.
1884 1963 1961 1986 abt?

212 1998 226 2015 Β
246 1993 332 2026 hand]
352 1993 420 2019 haut
438 1997 470 2024 Η,
489 1995 534 2020 scd
554 1995 570 2020 h
591 1998 653 2021 ‹mtv
671 2004 775 2021 versum
794 2005 826 2022 m
842 2006 882 2030 pr.
895 2002 905 2022 ἱ)
966 1996 1114 2031 Brittania]
1135 1996 1277 2022 britannia
1295 1999 1319 2022 Η
1340 2006 1372 2023 m.
1386 2006 1435 2023 sec.
1451 1999 1528 2023 abt?
1588 1996 1721 2023 differunt
1741 1997 1901 2023 Rhenanus:
1922 1995 2016 2022 differt

211 2031 314 2054 Habt?
386 2032 400 2054 9
421 2031 571 2063 portusque
590 2031 649 2064 per]
669 2032 819 2064 portusque
840 2034 859 2057 ὰ·
881 2035 896 2057 b
969 2033 1144 2066 commercia]
1170 2032 1333 2058 commertia
1351 2035 1418 2057 Καὶ)
1500 2033 1698 2067 negotiatores]
1724 2031 1914 2066 negociatores
1937 2034 1962 2057 H
1980 2040 2012 2057 m.

211 2073 251 2096 pr.
267 2067 303 2089 ab
385 2068 415 2090 10
436 2066 535 2099 gentis]
557 2067 586 2091 in
606 2069 629 2091 Η
649 2067 711 2092 [uid.
728 2076 760 2092 m.
777 2076 823 2093 see.
841 2069 869 2094 in
891 2069 1011 2102 maryine
1030 2070 1112 2101 gente
1199 2068 1301 2102 specie]
1323 2068 1429 2101 spetiac
1449 2070 1473 2093 Η
1559 2068 1711 2102 amicitiae]
1734 2067 1877 2093 amiciciae
1897 2069 1934 2093 ab

211 2100 391 2134 occasionem]
413 2101 601 2127 occansionem
621 2104 662 2127 Bt
753 2106 783 2128 11
805 2103 912 2129 audivit
931 2104 1123 2130 Heidcnheim:
1144 2103 1239 2129 audiui
1259 2106 1347 2128 Habt
1435 2107 1465 2129 12
1486 2103 1664 2138 Brittaniam]
1685 2103 1855 2129 britanniam
1874 2105 1899 2128 Η
1917 2112 1951 2129 m.
1965 2111 2012 2129 sec.

211 2138 283 2161 abt?
366 2139 396 2161 13
417 2136 552 2170 Ceterum]
574 2136 718 2163 Caeterum
739 2141 775 2163 ab
848 2139 1009 2173 incohabat]
1031 2139 1180 2165 inchoabat
1200 2144 1219 2170 t,
1239 2139 1360 2165 cohabat
1378 2142 1394 2164 b
1468 2139 1639 2173 Bodotriam]
1660 2147 1696 2165 uo
1721 2139 1841 2164 doti-iam
1859 2141 1891 2169 H,
1916 2138 1962 2165 sed
1980 2147 2012 2165 m.

212 2180 257 2196 ree.
276 2171 338 2197 add.
356 2172 384 2196 in
398 2173 519 2206 maryiue
534 2172 703 2206 bodovknam,
718 2174 875 2199 uodotriam
891 2179 914 2201 et
930 2176 959 2201 in
977 2177 1099 2209 mat-qim
1118 2174 1277 2200 bodotaam
1297 2179 1309 2199 t
1374 2178 1405 2200 14
1426 2175 1552 2201 hostibus
1569 2176 1682 2201 Becker:
1702 2174 1812 2200 hostilis
1831 2176 1924 2206 Habt,
1944 2173 1972 2199 in
1990 2176 2015 2199 11

211 2207 272 2232 add.
291 2216 321 2232 m⁴
336 2215 384 2233 sec.
401 2208 430 2233 in
447 2209 565 2241 mat-{line
584 2208 679 2234 hostili
699 2210 821 2235 exercitu
906 2210 1087 2245 timebantur]
1108 2209 1246 2236 timebant
1265 2213 1301 2235 ab
1390 2214 1421 2236 15
1442 2210 1605 2244 exploravit]
1627 2210 1784 2244 explorabit
1801 2212 1826 2235 Η
1845 2219 1877 2236 m.
1890 2218 1934 2243 pr.

211 2241 319 2277 virium]
335 2244 364 2268 z'n
378 2245 402 2267 H
418 2244 479 2269 add.
493 2253 523 2269 m.
539 2252 586 2270 sce.
598 2246 628 2270 iu,
642 2246 764 2279 margine
779 2245 873 2271 uinum
932 2250 962 2272 16
978 2246 1166 2280 impelleretur
1177 2246 1338 2272 Rhenanus:
1355 2246 1508 2279 impellitur
1522 2249 1608 2271 Habt
1665 2249 1695 2272 17
1711 2245 1803 2280 mixti]
1819 2245 1894 2271 misti
1910 2247 1934 2276 b,
1950 2245 1979 2271 iaz
1990 2247 2015 2270 H

211 2278 272 2303 add.
285 2279 314 2303 inv
328 2280 450 2313 maraine
464 2279 557 2305 mixto.
614 2280 734 2315 laetitia]
750 2281 862 2307 laeticia
878 2284 901 2307 Η
918 2292 948 2308 ιη,
959 2291 1000 2315 pr.
1013 2292 1029 2307 a
1085 2281 1255 2316 attollerent]
1273 2281 1443 2308 adtollerant
1453 2285 1477 2307 H
1487 2291 1519 2307 m,
1533 2291 1582 2315 pr„
1594 2281 1787 2308 adtollerenta
1845 2284 1876 2307 18
1892 2289 1923 2306 ac
1938 2289 2013 2306 mon—

211 2313 289 2348 tium]
307 2322 339 2339 ac
358 2322 406 2339 om.
423 2316 446 2338 Η
466 2323 497 2339 m.
510 2324 553 2347 pr.
617 2315 760 2350 fluctuum]
776 2316 890 2342 fluctum
906 2320 929 2342 Η
944 2327 977 2343 νη.
990 2327 1033 2351 pr.
1105 2320 1135 2343 19
1152 2317 1387 2351 compararentur]
1405 2319 1633 2351 comperarentur
1646 2320 1670 2342 Η
1687 2326 1718 2343 m.
1729 2325 1773 2350 pr.
1843 2316 2012 2350 Brittannos]

211 2349 352 2374 britannos
372 2351 395 2374 Η
413 2358 446 2375 m.
462 2358 509 2376 sec.
530 2353 605 2376 abt?
661 2355 690 2377 21
714 2352 900 2387 Calidoniam]
920 2353 1096 2386 calydoniam
1116 2355 1140 2377 Η
1195 2353 1355 2387 incolentes]
1376 2353 1522 2378 incolentis
1542 2355 1565 2378 Η
1584 2362 1617 2379 m.
1631 2361 1673 2386 pr.
1690 2355 1726 2377 ab
1782 2360 1882 2386 magno
1902 2351 2012 2386 paratu]

210 2403 310 2434 paratu
329 2410 430 2436 magno
450 2405 487 2428 ab
561 2407 592 2429 22
614 2404 792 2439 oppugnare]
814 2414 975 2440 oppugnase
995 2409 1019 2431 Η
1038 2415 1071 2432 m.
1083 2415 1138 2439 pr„
1158 2414 1333 2439 oppugnasse
1353 2408 1408 2431 abt
1486 2406 1644 2441 castellum]
1664 2394 1802 2431 castellii¹1²
1810 2414 1835 2437 a,
1854 2404 1971 2431 castella
1989 2407 2014 2437 b,

211 2438 240 2462 in
258 2440 300 2462 nt
319 2438 383 2463 add.
399 2439 427 2463 ιἰι
446 2440 568 2472 '‘naryine
588 2440 703 2465 castella
786 2444 817 2466 23
838 2442 866 2466 et
885 2442 1051 2476 cedendum]
1071 2441 1258 2467 excedendum
1278 2444 1309 2473 H,
1331 2443 1360 2467 in
1381 2443 1502 2474 ›nat-(mie
1518 2451 1571 2475 pro
1591 2450 1623 2467 ex
1643 2449 1710 2467 aser.
1727 2442 1757 2471 ἃ,
1778 2442 1807 2466 et
1825 2440 2013 2467 excedendum

210 2475 246 2497 ab
320 2476 351 2498 24
373 2474 542 2509 agminibus]
562 2475 716 2501 acminibus
736 2479 759 2501 Η
780 2486 811 2502 ηιμ.
824 2486 867 2509 pr.
942 2477 1114 2512 inrupturos]
1134 2477 1288 2510 irrupturos
1308 2479 1363 2502 abt
1440 2480 1473 2503 25
1492 2477 1560 2512 tres]
1580 2477 1630 2503 tris
1649 2479 1665 2502 b
1746 2479 1778 2502 26
1799 2475 1953 2511 cognitum]
1973 2475 2014 2501 in-

210 2508 351 2541 cognitum
366 2511 397 2541 Η,
412 2510 465 2535 sed.
480 2518 512 2535 m.
529 2518 576 2536 see*
593 2511 641 2536 del.
658 2511 693 2537 in.
751 2515 782 2537 27
803 2514 883 2537 nocte
899 2513 1035 2548 adgressi]
1050 2514 1131 2539 nocte
1147 2512 1251 2546 agressi
1271 2515 1286 2538 b
1342 2513 1480 2547 inrupere]
1498 2513 1620 2546 irrupere
1639 2514 1663 2544 b,
1683 2513 1793 2546 immpe
1813 2521 1829 2537 a.
1883 2514 1917 2537 29
1936 2511 2013 2545 pedi-

210 2544 333 2578 tumque]
354 2553 407 2577 que
427 2554 476 2571 om.
492 2547 516 2570 Η
534 2554 566 2571 m
578 2555 633 2579 pr„
653 2548 715 2573 add.
734 2557 765 2573 m.
782 2556 830 2574 rec,
896 2551 928 2574 30
950 2548 1097 2582 Brittanni]
1119 2548 1245 2574 Britanni
1259 2550 1283 2573 Η
1300 2558 1331 2574 m.
1348 2556 1394 2574 sec.
1416 2551 1485 2580 at?,
1506 2547 1643 2574 Britannii
1663 2550 1678 2573 b
1733 2547 1861 2582 nonanis]
1880 2546 2013 2573 Romanis

211 2581 233 2603 Η
248 2588 280 2605 ex
294 2588 360 2606 corr.
378 2589 408 2605 m.
425 2589 473 2606 free.
490 2583 527 2606 ab
583 2585 614 2607 32
631 2584 784 2617 portarum]
800 2585 942 2616 partarum
958 2587 981 2609 Η
998 2594 1028 2610 m..
1043 2581 1092 2617 pr.v
1142 2583 1290 2618 angustiis]
1306 2583 1432 2617 angustis
1448 2586 1471 2609 Η
1488 2593 1519 2610 m.
1531 2593 1575 2617 pr⁴
1631 2583 1781 2618 proelium]
1796 2582 1915 2618 prelium
1930 2585 1968 2608 ab

212 2614 314 2649 hostes]
335 2615 422 2641 hostis
442 2618 474 2648 H,
493 2616 538 2642 sed
557 2618 587 2643 in
607 2619 728 2651 nucryine
748 2619 810 2645 add.
827 2618 919 2645 hostes
1002 2622 1033 2646 ut
1052 2619 1161 2654 tulisse]
1181 2618 1309 2645 intulisse
1328 2622 1352 2644 Η
1370 2628 1404 2645 m.
1420 2627 1468 2645 rec.
1485 2621 1541 2645 abt
1621 2622 1653 2644 33
1673 2619 1819 2654 texissent]
1843 2618 1979 2644 rexissent
1996 2620 2012 2644 b
