2086 2917
95 275 277 309 scriptionum
297 276 325 302 et
344 276 579 310 subscriptionum
600 277 702 304 addere
722 286 776 304 non
797 276 993 304 obliviscimur.
1031 279 1109 310 Quod
1131 288 1214 312 quam
1234 282 1307 306 recte
1329 280 1473 314 disputata
1493 281 1557 313 sint,
1577 289 1631 314 quo
1651 280 1763 307 facilius
1783 281 1903 315 perspici

93 320 189 354 possit.
209 328 399 354 quaecumque
419 321 597 347 Decembrius
619 322 653 347 de
678 322 772 348 codice
793 321 973 348 Henochiauo
997 323 1115 352 rettulit.
1141 324 1234 349 omnia
1254 332 1286 350 ex
1311 325 1543 351 commentatione
1564 324 1775 351 Sabbadiniana
1795 325 1903 359 (Rivist.

94 364 123 390 di
141 364 244 399 filolog.
260 367 293 391 29
308 374 334 398 p.
351 367 411 400 262)
427 365 481 392 huc
500 366 697 392 transcribam:
724 365 843 393 Cornelii
863 366 954 393 Taciti
974 367 1046 393 liber
1064 368 1203 401 reperitur
1222 369 1325 394 Romae
1347 369 1420 394 visus
1441 372 1508 395 1455
1530 369 1563 395 de
1583 369 1690 404 oligine
1711 371 1739 395 et
1762 370 1817 395 situ
1838 370 1904 396 Ger-

93 409 210 435 maniae.
248 409 363 443 Incipit:
385 410 534 437 Germania
554 411 642 437 omnis
661 420 677 437 a
700 411 790 438 Gallis
810 411 947 445 Retii‘sque
967 415 990 438 et
1011 413 1146 439 Panoniis
1166 413 1260 439 Rheno
1279 417 1303 440 ec
1318 414 1450 440 Danubio
1469 415 1637 448 fluminibus,
1658 424 1675 441 α
1694 415 1829 441 Sarmatis
1845 415 1904 441 Da-

93 454 180 487 cisque
199 457 291 481 mutuo
310 458 381 481 metu
400 457 450 481 aut
468 456 603 482 montibus
621 459 777 489 separatur:
803 459 889 482 cetera
911 456 1047 483 Occeanus
1067 457 1158 483 ambit.
1194 457 1269 491 Opus
1289 462 1327 484 est
1345 458 1474 491 foliorum
1493 468 1531 484 xu
1551 458 1580 484 in
1600 459 1782 485 columnellis.
1818 459 1903 485 Finit:

92 500 177 524 cetera
196 499 252 524 iam
270 499 411 531 fabulosa:
431 500 559 526 Helusios
578 503 602 526 ct
624 500 746 527 Oxionas
766 509 814 527 ora
832 501 972 527 homimem
991 501 1140 535 mirusque,
1165 510 1279 535 corpora
1299 506 1378 536 atque
1402 507 1480 530 artus
1497 504 1618 535 ferarum
1638 512 1734 538 gerere.
1769 504 1840 537 quod
1860 513 1905 538 eqo

91 546 121 569 ut
145 543 338 578 incompertum
362 545 392 570 in
412 544 529 571 medium
548 546 708 579 relinquam.
748 545 842 571 Utitur
867 546 959 571 autem
980 545 1123 572 Cornelius
1147 545 1199 572 hoc
1219 546 1353 573 vocabulo
1373 548 1527 580 inscientia,
1547 556 1601 574 non
1622 549 1741 575 inscitia.
1764 548 1834 583 [cap.
1853 549 1904 583 16].

198 588 247 614 Est
266 588 337 614 alius
357 588 428 615 liber
447 589 572 615 eiusdem
592 589 626 616 de
646 590 703 615 vita
723 589 786 615 Iulii
806 589 961 623 Agricolae,
982 590 1068 616 soceri
1089 591 1141 623 sui,
1161 591 1189 616 in
1210 600 1264 624 quo
1284 592 1443 618 continetur
1463 592 1614 626 descriptio
1634 593 1777 619 Britaniae
1797 592 1906 619 insulae

91 640 141 658 nec
161 640 216 658 non
235 633 402 666 populorum
420 641 510 659 mores
531 635 559 660 et
577 634 656 660 ritus.
694 634 810 668 Incipit:
832 635 967 660 clarorum
989 635 1107 661 virorum
1129 635 1202 667 facta
1224 645 1359 670 'moresque
1374 638 1491 671 posteris
1513 637 1618 664 tradere
1641 638 1796 671 antiquitus
1820 639 1905 664 usita-

91 680 147 703 tum
166 686 199 703 wie
218 678 318 704 nostris
336 678 443 711 quidem
462 679 626 712 temporibus
645 687 808 712 quamquam
829 679 969 705 incuriosa.
988 688 1097 706 suorum
1118 683 1193 706 aetas
1213 682 1337 707 ammisit.
1372 680 1448 714 Opus
1465 681 1595 707 foliorum
1611 682 1706 708 decem
1726 683 1754 708 et
1773 683 1906 715 quattuor

90 721 119 747 in
139 721 322 748 columnellis.
360 722 447 748 Finit:
473 731 534 749 nam
559 724 657 750 ‘multos
680 724 764 750 veluti
786 723 918 758 inglorios
941 727 964 749 et
993 724 1124 758 ignobiles
1148 725 1245 751 oblivio
1270 726 1370 753 obruet,
1397 727 1527 759 Aqt‘icola
1547 727 1704 760 posteritati
1727 729 1860 753 narratus
1883 731 1905 752 et

90 767 210 793 traditus
227 770 360 800 superstes
379 768 436 793 erit.

196 810 315 837 Cornelii
335 811 426 837 Taciti
451 811 579 845 dialogus
604 812 637 838 de
662 812 827 839 oratoribus.
865 812 979 846 Incipit:
998 822 1076 847 saepe
1096 822 1128 840 esc
1147 823 1186 840 me
1206 816 1330 848 requiris,
1354 816 1424 842 Iuste
1444 815 1526 847 Fabi,
1546 824 1603 848 cur,
1622 825 1681 842 cum
1699 818 1796 850 priora
1816 817 1904 843 secula

89 858 126 882 {ot
145 856 320 882 eminentium
340 859 478 883 oratorum
498 857 616 891 ivyeriiis
634 857 774 892 gloriaque
793 858 943 890 floruerint,
963 861 1056 884 vostra
1074 859 1243 892 potissimum
1266 863 1340 886 actas
1359 860 1463 886 deserta
1482 863 1506 886 et
1525 861 1607 887 laude
1626 861 1791 895 eloquentiae
1811 861 1906 887 orbam

89 900 135 926 vix
163 908 256 926 nomen
286 901 373 934 ipsum
407 902 523 927 oratoris
551 901 672 928 retineat.
711 901 787 935 Opus
814 901 944 928 foliorum
968 912 1028 928 x1111
1054 902 1081 928 in
1107 903 1289 930 columnellis.
1327 904 1394 930 Post
1417 904 1485 931 haec
1511 905 1643 931 deficiunt
1668 913 1714 932 sex
1738 905 1813 937 folia,
1841 914 1905 932 nam

88 944 161 970 finit:
182 953 264 978 quam
285 945 439 979 ingentibus
457 946 544 973 verbis
559 950 768 980 prosequuntur.
809 947 876 973 Cum
896 947 933 973 ud
952 955 1025 973 veros
1046 948 1148 974 iudices
1167 952 1282 975 immuni.
1321 949 1429 975 Deinde
1448 949 1587 983 sequitur:
1618 959 1671 976 rem
1695 951 1813 985 coqitare
1839 951 1907 976 nihil

88 990 228 1021 abiectum,
247 990 318 1016 m'lzil
336 990 442 1016 humile.
483 990 548 1016 Post
567 991 636 1017 haec
656 992 787 1017 secuntur
806 990 875 1017 folia
894 991 949 1017 duo
970 1000 1031 1017 cum
1052 992 1170 1018 dimidio
1190 994 1218 1018 et
1237 993 1311 1019 finit:
1331 1002 1391 1019 cnm
1411 994 1581 1026 amisissent,
1600 995 1779 1021 discessimus.

195 1033 320 1060 Suetonii
341 1033 498 1068 Tranquilli
523 1035 557 1061 de
581 1035 772 1069 grammaticis
798 1037 826 1061 et
849 1035 1008 1061 rhetoribus
1033 1036 1110 1062 liber.
1149 1037 1264 1071 Incipit:
1288 1039 1466 1071 gri-ammatica
1488 1039 1591 1065 Romae
1609 1047 1658 1065 ‘nec
1677 1041 1707 1065 in
1726 1048 1779 1065 usu
1799 1040 1903 1073 quidem

87 1079 160 1110 olim,
181 1078 279 1104 nedum
298 1079 328 1104 in
347 1079 445 1105 honore
465 1079 523 1105 ulla
542 1083 601 1106 erat
620 1080 699 1106 rudis
717 1080 819 1106 scilicet
837 1088 870 1106 ac
889 1081 1013 1107 bellicosa
1035 1082 1114 1107 etiam
1135 1085 1189 1108 lum
1211 1083 1319 1108 eii-itate
1338 1083 1452 1109 medum
1471 1092 1632 1118 vzaynopere
1652 1084 1810 1110 liberalibus
1825 1084 1905 1110 ‹lisci-

82 1123 171 1156 plim's
190 1127 310 1150 vacante.
345 1123 420 1157 Opus
440 1124 571 1150 foliorum
591 1126 698 1158 septem
717 1124 746 1151 in
771 1124 952 1151 columnellis.
991 1125 1066 1151 Finit
1090 1127 1233 1160 perprius:
1258 1130 1281 1153 et
1306 1136 1403 1154 rursus
1422 1129 1450 1153 in
1471 1128 1624 1162 coqnz‘tione
1642 1129 1733 1155 caedis
1749 1129 1906 1155 Mediolani

85 1167 162 1201 apud
182 1168 298 1194 Lucium
320 1169 445 1195 Pisonem
464 1170 652 1202 proconsulem
671 1169 818 1202 defendens
835 1179 919 1202 reum,
944 1179 1004 1196 cum
1027 1171 1177 1197 cohiberent
1201 1172 1306 1198 lictores
1330 1173 1429 1199 nimias
1449 1173 1625 1199 laudantium
1644 1181 1726 1205 voces,
1748 1174 1786 1199 ita
1806 1182 1903 1200 excau-

86 1212 195 1245 auisset,
223 1216 254 1239 ut
277 1213 416 1247 deplorato
435 1213 537 1240 Italiae
560 1216 642 1245 statu,
666 1215 746 1248 quasi?
769 1215 867 1240 iterum
892 1215 920 1240 in
943 1215 1061 1247 formam
1083 1217 1242 1249 provinciae
1265 1217 1439 1251 redz'yeremr,
1470 1217 1511 1243 M.
1531 1218 1645 1251 insuper
1669 1218 1797 1251 Brutum,
1826 1219 1905 1245 euius

85 1260 179 1283 statua
198 1258 229 1283 iri
247 1261 388 1292 conspectu
407 1262 474 1290 erat,
493 1259 630 1285 invocaret
648 1267 740 1293 reyum
760 1268 792 1285 ac
811 1259 944 1285 libertatis
963 1263 1096 1286 auctorem
1118 1269 1150 1287 ac
1169 1261 1308 1288 vindicem.
1342 1261 1448 1288 Ultimo
1464 1262 1628 1296 imperfecto
1644 1262 1811 1289 columnello
1830 1263 1903 1289 finit:

86 1302 135 1327 diu
150 1310 183 1328 ac
197 1310 268 1328 more
287 1303 475 1329 concionantis
492 1303 608 1330 redditis
626 1304 759 1329 abstinuit
777 1304 844 1330 cibo.
873 1303 992 1330 Videtur
1011 1304 1039 1330 in
1059 1304 1107 1330 illo
1128 1313 1209 1338 opere
1230 1305 1378 1331 Suetonius
1398 1306 1513 1333 innuere
1537 1315 1631 1333 omncs
1652 1307 1708 1333 fere
1728 1307 1852 1333 rhetores
1877 1309 1904 1333 et

85 1346 286 1378 grammaticae
306 1347 475 1380 professores
495 1347 651 1381 desperatis
671 1347 790 1374 fortunis
810 1348 932 1375 finivisse
952 1349 1046 1375 vitam.

192 1391 250 1417 Hoc
274 1391 432 1418 Decembrii
457 1392 618 1419 testimonio
643 1392 761 1419 confisus
786 1393 961 1419 scribendum
987 1402 1046 1420 esse
1067 1402 1165 1421 censeo
1186 1394 1277 1421 Germ.
1295 1398 1327 1421 16
1346 1396 1493 1422 inscientia
1512 1397 1687 1429 aedificandi,
1711 1399 1745 1422 44
1765 1397 1903 1430 Helusios,

85 1435 177 1470 Agric.
193 1438 226 1461 46
246 1437 343 1463 multos
363 1438 445 1463 veluti
459 1438 590 1472 inglorios
604 1441 627 1464 ct
642 1438 773 1472 iynobz'les
787 1439 885 1464 oblivio
901 1439 1001 1465 obruet.
1018 1439 1089 1465 Dial.
1107 1442 1139 1465 36
1155 1439 1226 1465 nihil
1241 1440 1381 1471 abiectum,
1396 1441 1467 1466 nihil
1481 1441 1590 1473 humile,
1606 1440 1716 1467 Sueton.
1733 1441 1767 1467 de
1787 1450 1902 1476 gramm.

85 1481 113 1506 et
131 1479 201 1506 rhet.
219 1483 251 1506 30
271 1491 297 1515 p.
316 1484 373 1513 127,
390 1484 404 1507 4
424 1481 549 1508 Reiffers.
570 1486 705 1509 auctorem
725 1491 758 1509 ac
776 1483 917 1510 vindicem.

192 1525 244 1551 Sed
270 1525 384 1552 tandem
408 1526 553 1553 redeamus
578 1527 614 1553 ad
638 1527 763 1554 codicem
791 1527 963 1554 Aesinatem:
994 1529 1017 1554 is
1043 1537 1104 1554 cum
1130 1528 1193 1555 aliis
1213 1529 1242 1555 in
1268 1529 1470 1556 bibliothecam
1489 1530 1702 1557 Balleanianam
1721 1531 1850 1565 pervenit
1869 1540 1901 1558 ex

84 1569 284 1601 Guarneriana,
310 1580 392 1604 quam
417 1571 528 1597 saeculo
548 1581 584 1597 xv
603 1571 761 1606 Stephanus
786 1573 815 1598 et
839 1573 1001 1599 Franciscus
1023 1573 1167 1599 Guarnerii
1192 1574 1375 1600 instituerunt
1394 1574 1546 1608 multisque
1570 1575 1648 1601 libris
1669 1584 1685 1601 a
1705 1584 1733 1602 se
1754 1576 1901 1610 descriptis

84 1616 227 1641 auxerunt.
267 1614 325 1646 Quo
350 1624 382 1641 ex
406 1624 520 1642 numero
545 1616 638 1643 nescio
658 1626 693 1643 an
713 1617 798 1643 etiam
818 1617 863 1643 hic
883 1618 1030 1651 Agricolae
1051 1618 1137 1644 codex
1157 1618 1206 1644 sit:
1231 1626 1294 1644 narn
1317 1619 1359 1644 illi
1380 1619 1479 1646 fratres
1499 1621 1566 1646 tunc
1586 1620 1698 1654 saepius
1719 1621 1823 1647 Romae
1843 1629 1901 1647 ver-

83 1658 218 1685 sabantur
241 1659 424 1693 plurimisque
448 1660 599 1687 honoribus
624 1670 641 1687 a
665 1662 780 1688 summis
805 1662 984 1696 pontificibus
1009 1663 1190 1695 ornabantur,
1215 1664 1247 1689 ut
1266 1663 1305 1689 eis
1331 1664 1505 1690 occasionem
1525 1664 1611 1691 fuisse
1631 1666 1729 1698 pateat
1748 1666 1776 1691 et
1797 1665 1901 1692 codicis

84 1703 259 1730 describendi
279 1706 308 1730 et
327 1704 517 1738 quaternionis
537 1706 725 1732 nanciscendi.
764 1706 823 1738 Quo
849 1707 944 1733 codice
964 1707 1076 1733 invento
1096 1707 1125 1733 in
1145 1707 1299 1734 minoribus
1318 1708 1410 1734 Taciti
1431 1709 1542 1743 scriptis
1568 1709 1696 1735 omnibus
1717 1712 1805 1736 artem
1825 1710 1899 1737 criti-

84 1756 144 1774 cam
170 1749 253 1782 plane
278 1750 442 1775 commutari
466 1758 546 1776 nemo
571 1759 625 1776 non
649 1750 737 1777 videt:
762 1759 827 1777 nam
847 1760 910 1777 cum
930 1760 1024 1778 omnes
1049 1751 1146 1778 horum
1167 1752 1319 1786 sciptorum
1344 1753 1453 1779 codices
1474 1755 1531 1780 sive
1551 1762 1583 1780 ex
1604 1754 1699 1780 codice
1718 1754 1900 1781 Henochiano

83 1793 143 1827 ipso
164 1793 220 1820 sive
241 1802 273 1820 ex
293 1794 456 1829 apographo
477 1795 536 1821 eius
554 1795 775 1829 proficiscantur,
795 1795 851 1822 iam
870 1796 913 1822 his
933 1798 995 1823 octo
1016 1796 1091 1822 foliis
1110 1797 1228 1823 vetustis
1247 1797 1370 1831 reliquos
1390 1798 1499 1824 codices
1520 1799 1596 1824 certa
1614 1799 1724 1825 ratione
1740 1799 1899 1827 examinare

83 1846 239 1871 possumne,
265 1840 357 1865 utrum
386 1839 415 1865 in
444 1839 484 1865 eis
512 1839 603 1866 Taciti
629 1840 714 1866 verba
743 1842 872 1867 accurate
897 1841 1037 1875 descripta
1061 1841 1117 1867 sint
1141 1849 1176 1867 an
1200 1841 1349 1868 libidinose
1373 1842 1531 1869 immutata.
1569 1843 1659 1874 Quare
1683 1844 1736 1870 hac
1760 1844 1899 1871 scribendi

83 1881 218 1909 facultate
238 1883 334 1909 oblata
350 1883 441 1910 Taciti
461 1884 622 1918 Agricolam
642 1885 678 1910 ad
697 1885 779 1911 fidem
801 1885 929 1912 codicum
949 1886 1031 1912 edere
1052 1886 1192 1917 constitui,
1212 1895 1246 1912 ne
1268 1886 1373 1912 diutius
1393 1887 1548 1921 scripturae
1572 1888 1737 1914 varietatem
1758 1898 1790 1915 ex
1810 1889 1898 1915 tribus

82 1928 162 1955 libris
181 1929 275 1962 petere
296 1929 386 1954 coacti
406 1929 500 1961 simus,
521 1929 569 1955 sed
588 1938 643 1955 uno
663 1929 807 1955 oculorum
827 1930 927 1956 obtutu
952 1931 1111 1965 conspicere
1136 1930 1286 1964 possimus:
1311 1931 1339 1957 in
1360 1940 1414 1965 quo
1434 1935 1456 1957 A
1476 1932 1618 1966 significat
1642 1933 1765 1959 codicem
1786 1934 1898 1960 Vatica-

82 1982 148 1999 num
169 1975 246 2005 3429,
266 1975 286 1998 B
301 1973 424 1999 codicem
440 1973 608 2000 Vaticanum
623 1977 701 2006 4498,
722 1977 742 1999 G
757 1974 861 2001 codicis
876 1975 1016 2001 Aesinatis
1032 1978 1141 2009 partem
1160 1976 1343 2002 recentiorem
1359 1985 1375 2002 a
1389 1976 1543 2003 Guarnerio
1559 1977 1736 2011 descriptam,
1756 1981 1780 2004 Η
1795 1979 1898 2005 codicis

81 2017 223 2044 Aesinatis
242 2019 352 2051 partem
371 2018 562 2049 vetustiorem,
586 2022 605 2044 Τ
625 2019 749 2045 codicem
769 2019 935 2046 Toletanum
954 2023 997 2052 49,
1014 2023 1036 2046 2.
1074 2020 1105 2046 In
1126 2029 1158 2046 ea
1179 2022 1272 2047 autem
1296 2022 1377 2055 parte
1396 2021 1553 2055 Agricolae,
1581 2031 1652 2055 quae
1672 2024 1782 2049 vetusto
1803 2024 1897 2050 codice

82 2062 263 2089 Henochiano
288 2064 398 2088 servata
422 2065 472 2095 est,
492 2071 541 2097 pro
562 2066 582 2088 A
594 2066 642 2089 BT
662 2064 761 2097 scripsi
780 2066 857 2097 abt,
877 2066 909 2090 ut
928 2065 1022 2091 statim
1045 2065 1181 2099 adpareat
1204 2065 1233 2091 in
1254 2073 1287 2092 ea
1306 2067 1394 2092 artem
1415 2066 1543 2092 criticam
1562 2075 1595 2093 ex
1614 2075 1670 2093 uno
1690 2068 1786 2094 codice
1806 2068 1898 2094 Hene-

82 2107 181 2133 chiano
201 2107 331 2141 pendere,
351 2107 441 2133 varias
462 2110 554 2134 autem
574 2108 707 2134 lectiones
732 2108 860 2135 codicum
880 2111 945 2135 abt
969 2110 1025 2135 sive
1049 2118 1154 2136 errores
1178 2110 1234 2136 sive
1259 2110 1432 2136 coniecturas
1458 2119 1516 2137 esse
1541 2111 1767 2138 describentium.
1807 2112 1897 2140 Unum

81 2151 231 2178 dolendum
250 2153 300 2185 est,
320 2152 394 2185 quod
415 2152 501 2178 codex
519 2152 724 2186 Henochianus,
744 2153 870 2186 quamvis
890 2154 979 2180 nitide
999 2154 1119 2188 scriptus
1140 2155 1185 2184 sit,
1205 2155 1317 2189 saepius
1338 2155 1475 2181 erroribus
1497 2158 1524 2182 et
1544 2157 1708 2183 correcturis
1730 2158 1897 2191 depravatus

80 2197 123 2222 est
142 2196 182 2230 (in
196 2196 297 2230 quibus
317 2197 476 2230 repetendis
492 2196 593 2223 Caesar
611 2197 773 2230 Annibaldi,
793 2206 963 2232 quamquam
983 2199 1042 2225 eius
1063 2207 1147 2233 opera
1166 2200 1289 2225 maxima
1309 2199 1391 2226 laude
1412 2200 1497 2234 digna
1512 2202 1563 2233 est,
1579 2210 1634 2227 non
1650 2201 1787 2233 distinxit,
1803 2203 1896 2228 utmm

80 2241 112 2274 is,
127 2241 175 2274 qui
191 2241 282 2267 Taciti
302 2241 385 2267 verba
405 2242 532 2274 correxit,
552 2242 633 2268 lineis
654 2251 688 2268 an
708 2243 820 2276 punctis
839 2252 905 2269 usus
926 2243 969 2271 sit.
990 2244 1022 2269 ut
1046 2243 1151 2277 opinor,
1176 2245 1290 2277 propter
1310 2244 1506 2271 difficultatem
1531 2246 1783 2280 typographicam),
1808 2249 1840 2273 ut
1861 2247 1895 2278 ei,

80 2286 128 2319 qui
148 2286 272 2312 codicem
292 2285 495 2318 describebant.
516 2286 599 2313 facile
618 2287 646 2313 in
667 2295 785 2313 errorem
806 2288 1010 2314 inducerentur.
1041 2288 1094 2313 Sed
1114 2288 1207 2314 nescio
1228 2296 1263 2314 an
1283 2297 1394 2322 sperare
1413 2298 1560 2323 possumus
1579 2290 1647 2322 fore,
1667 2292 1699 2316 ut
1713 2300 1768 2317 uno
1784 2294 1895 2325 quater-

80 2330 162 2356 nione
191 2331 294 2357 codicis
318 2331 493 2357 Henochia-ni
517 2331 629 2357 invento
653 2332 737 2358 etiam
765 2332 866 2366 reliqui
889 2332 1071 2366 reperiantur,
1096 2334 1128 2358 ut
1151 2332 1265 2359 tandem
1292 2333 1444 2367 aliquando
1469 2334 1586 2360 amissus
1614 2335 1661 2361 ille
1686 2335 1773 2362 codex
1797 2336 1895 2370 plenus

79 2375 164 2408 atque
187 2375 296 2409 integer
315 2375 343 2401 in
360 2375 450 2401 lucem
465 2375 571 2409 redeat,
587 2376 660 2410 quod
676 2376 828 2402 Mauricius
848 2377 987 2411 Hauptius
1007 2385 1116 2411 semper
1136 2377 1254 2403 confisus
1275 2379 1324 2410 est,
1344 2378 1418 2404 unde
1440 2378 1583 2413 Freytagii
1604 2379 1845 2414 elegantissimum
1861 2381 1893 2407 de

79 2419 174 2445 codice
195 2420 296 2446 amisso
316 2420 418 2446 librum
434 2420 570 2454 originem
590 2421 697 2454 cepisse
716 2421 778 2455 quis
798 2422 923 2447 nostrum
943 2423 994 2454 est,
1014 2421 1062 2455 qui
1082 2421 1207 2448 neseiat?

186 2464 262 2496 Quae
281 2464 424 2491 inclinatis
444 2465 546 2491 litteris
566 2473 694 2499 expressa
714 2467 786 2498 sunt,
807 2467 903 2492 contra
923 2466 1049 2492 codicum
1070 2467 1266 2493 auctoritatem
1287 2467 1386 2499 adieci,
1411 2476 1482 2501 quae
1507 2469 1616 2494 uncinis
1641 2469 1749 2495 inclusa
1769 2472 1841 2502 sunt,
1862 2479 1894 2497 ea

79 2508 200 2535 delenda.
219 2510 323 2542 censui,
343 2510 475 2536 asterisco
495 2509 591 2536 littera
610 2518 690 2537 erasa.
709 2510 857 2536 iudicatur.

1610 2678 1624 2699 1³
