2112 2891
777 446 1139 494 CORNELII
1184 445 1435 494 TACITI

838 553 899 589 DE
926 553 1040 588 VITA
1070 552 1130 588 ET
1160 552 1367 588 MORIBUS

661 651 934 717 IULII
983 650 1578 717 AG‘RIOOLAE

1032 775 1174 811 LIBER

168 896 181 921 1
313 882 474 914 Clarorum
500 882 641 912 virorum
664 881 749 913 facta
773 892 939 922 moresque
964 883 1099 922 posteris
1124 881 1257 921 tradere,
1281 881 1458 922 antiquitus
1483 882 1646 922 usitatum,
1670 892 1709 913 ne
1733 882 1851 913 nostris
1876 881 2003 923 quidem

202 928 398 968 temporibus
428 937 619 968 quamquam
648 927 806 957 incuriosa
835 937 964 957 suorum
993 929 1079 957 aetas
1108 926 1226 965 omisit,
1255 926 1402 967 quotiens
1431 937 1547 968 magna
1572 926 1678 967 aliqua
1701 937 1738 958 ac
1761 926 1878 958 nobilis
1902 926 2003 958 virtus

202 972 278 1003 vicit
302 983 337 1003 ae
361 982 564 1013 supergressa
588 973 635 1002 est
660 972 773 1002 vitium
797 971 904 1012 parvis
928 971 1116 1012 magnisque
1141 970 1325 1002 civitatibus
1350 981 1525 1011 commune,
1553 971 1766 1012 ignorantiam
1796 971 1875 1002 recti
1904 973 1935 1002 et
1959 971 2003 1002 in·

202 1017 327 1047 vidiam.
366 1016 427 1047 Sed
451 1016 533 1057 apud
558 1016 678 1056 priores
703 1018 738 1046 ut
762 1026 854 1057 agere
875 1016 971 1057 digna
990 1017 1167 1046 memoratu
1189 1026 1325 1056 pronum
1345 1012 1509 1057 magisque
1529 1015 1562 1046 in
1581 1017 1690 1056 aperto
1711 1018 1786 1056 erat,
1806 1015 1850 1047 ita
1870 1015 2004 1047 celeber-

202 1062 300 1091 rimus
324 1061 457 1102 quisque
482 1060 609 1101 ingenio
634 1060 673 1090 ad
698 1060 891 1100 prodendam
916 1060 1044 1090 virtutis
1069 1061 1255 1091 memoriam
1281 1060 1348 1090 sine
1368 1060 1471 1101 gratia
1490 1062 1544 1091 aut
1564 1060 1737 1091 ambitione
1758 1060 1859 1091 bonae
1878 1062 2002 1091 tantum

203 1105 411 1136 conscientiae
444 1105 545 1145 pretio
580 1104 759 1135 ducebatur.
807 1104 854 1136 Ac
887 1104 1029 1145 plerique
1063 1115 1151 1135 suam
1187 1104 1245 1145 ipsi
1280 1104 1379 1135 vitam
1409 1115 1537 1135 narrare
1565 1104 1714 1135 fiduciam
1742 1105 1850 1145 potius
1878 1115 2003 1136 morum

203 1160 295 1190 quam
329 1149 540 1191 arrogantiam
574 1149 718 1179 arbitrati
753 1151 834 1189 sunt,
863 1160 919 1179 nec
949 1149 978 1180 in
1005 1148 1129 1180 Rutilio
1158 1151 1188 1179 et
1218 1148 1336 1180 Scauro
1366 1149 1445 1180 citra
1472 1149 1567 1180 fidem
1596 1152 1651 1180 aut
1680 1149 1905 1180 obtrectationi
1934 1149 2004 1180 fuit.

203 1194 290 1224 Adeo
314 1194 447 1224 virtutes
472 1193 570 1224 isdem
596 1193 792 1234 temporibus
818 1193 937 1234 optime
948 1192 1178 1233 aestimantur,
1203 1193 1318 1234 quibus
1343 1193 1492 1225 facillime
1512 1194 1696 1236 gignuntur.
1734 1193 1778 1224 At
1797 1204 1882 1225 nunc
1900 1204 2003 1225 narra-

201 1241 272 1269 turo
300 1238 379 1269 mihi
409 1238 505 1269 vitam
534 1237 674 1269 defuncti
703 1237 842 1269 hominis
872 1238 963 1269 venia
992 1249 1072 1279 opus
1101 1237 1171 1278 fuit,
1202 1249 1296 1279 quam
1320 1249 1384 1269 non
1409 1239 1560 1279 petissem
1585 1238 1798 1269 incusaturus:
1823 1241 1888 1269 tam
1912 1248 2004 1269 saeva

166 1289 182 1315 2
202 1285 232 1313 et
251 1282 365 1313 infesta
384 1282 556 1313 virtutibus
576 1284 727 1323 tempora.
766 1282 925 1324 Legimus,
945 1293 1017 1314 cum
1038 1282 1178 1313 Aruleno
1200 1282 1332 1314 Rustico
1353 1283 1468 1314 Paetus
1488 1282 1635 1323 Thrasea,
1656 1282 1816 1314 Herennio
1837 1282 2004 1314 Senecioni

201 1326 325 1357 Priscus
355 1326 521 1357 Helvidius
554 1327 674 1357 laudati
708 1329 822 1367 essent,
854 1327 989 1368 capitale
1019 1327 1117 1358 fuisse
1146 1338 1248 1368 neque
1277 1327 1310 1358 in
1339 1327 1425 1368 ipsos
1455 1327 1549 1358 modo
1578 1329 1732 1367 auctores,
1761 1327 1815 1358 sed
1844 1327 1877 1358 in
1905 1326 2003 1359 libros

201 1382 326 1412 quoque
350 1382 458 1402 eorum
484 1371 637 1402 saevitum
664 1371 808 1413 delegato
832 1371 1008 1402 triumviris
1033 1371 1220 1411 ministerio,
1244 1374 1280 1402 ut
1303 1374 1510 1403 monumenta
1533 1372 1782 1403 clarissimorum
1803 1371 2003 1414 ingeniorum

201 1416 231 1445 in
257 1415 387 1447 comitio
412 1426 448 1447 ac
471 1416 541 1446 foro
566 1418 740 1447 urerentur.
788 1415 917 1447 Scilicet
941 1416 996 1447 illo
1022 1417 1094 1457 igne
1119 1427 1227 1447 vocem
1252 1417 1363 1457 populi
1392 1416 1527 1447 Romani
1558 1418 1589 1447 et
1616 1416 1795 1447 libertatem
1821 1418 1948 1447 senatus
1972 1418 2004 1447 et

201 1460 424 1491 conscientiam
450 1460 573 1501 generis
599 1460 727 1491 humani
753 1460 873 1491 aboleri
893 1460 1132 1491 arbitrabantur
1152 1461 1292 1501 expulsis
1312 1461 1441 1502 insuper
1461 1461 1635 1501 sapientiae
1654 1460 1888 1502 professoribus
1908 1463 2003 1502 atque

200 1504 285 1535 omni
310 1504 392 1535 bona
416 1507 482 1535 arte
507 1504 538 1535 in
564 1504 693 1535 exilium
718 1507 796 1544 acta,
820 1516 858 1535 ne
884 1505 959 1546 quid
979 1516 1113 1546 usquam
1134 1505 1303 1536 honestum
1324 1508 1510 1537 occurreret.
1548 1505 1700 1536 Dedimus
1721 1505 1864 1546 profecto
1883 1504 2003 1548 grande

200 1549 370 1589 patientiae
395 1549 619 1580 documentum
644 1551 683 1589 et,
709 1550 790 1580 sicut
815 1552 904 1580 vetus
929 1552 1014 1581 aetas
1039 1550 1127 1584 vidit,
1151 1550 1227 1590 quid
1253 1550 1399 1581 ultimum
1426 1550 1457 1581 in
1482 1550 1628 1581 libertate
1653 1552 1743 1590 esset,
1767 1549 1812 1581 ita
1836 1560 1902 1590 nos,
1926 1549 2003 1591 quid

200 1593 231 1623 in
252 1593 410 1633 servitute,
430 1593 578 1634 adempto
598 1605 654 1634 per
674 1594 896 1635 inquisitiones
916 1595 1012 1625 etiam
1032 1594 1183 1635 loquendi
1203 1594 1414 1635 audiendique
1434 1595 1632 1626 commercio.
1666 1594 1852 1626 Memoriam
1874 1605 2002 1636 quoque

165 1644 181 1670 3
200 1637 301 1677 ipsam
333 1648 403 1668 cum
433 1649 508 1669 voce
538 1638 794 1679 perdidissemus,
823 1639 846 1669 si
877 1642 941 1670 tam
965 1639 998 1669 in
1027 1641 1136 1670 nostra
1164 1641 1322 1679 potestate
1350 1642 1432 1670 esset
1461 1639 1606 1670 oblivisci
1631 1650 1725 1680 quam
1752 1641 1862 1670 tacere.
1908 1638 2003 1670 Nunc

199 1681 324 1712 demum
359 1682 438 1712 redit
471 1683 607 1713 animus:
641 1685 673 1713 at
705 1694 896 1723 quamquam
930 1684 1034 1724 primo
1068 1684 1174 1714 statim
1210 1683 1386 1714 beatissimi
1419 1683 1535 1714 saeculi
1569 1685 1642 1714 ortu
1671 1682 1777 1714 Nerva
1806 1682 1920 1714 Caesar
1951 1694 2002 1714 res

200 1726 273 1756 olim
300 1726 515 1757 dissociabiles
540 1727 710 1767 miscuerit,
734 1728 947 1768 principatum
974 1739 1010 1759 ac
1033 1728 1223 1767 libertatem,
1248 1730 1425 1769 augeatque
1450 1728 1592 1768 quotidie
1616 1727 1800 1759 felicitatem
1821 1730 2001 1769 temporum

199 1769 305 1801 Nerva
329 1769 491 1810 Traianus,
520 1782 577 1802 nec
606 1783 692 1812 spem
719 1772 813 1803 modo
842 1783 877 1802 ac
903 1775 1012 1803 votum
1038 1773 1191 1803 securitas
1215 1772 1352 1814 publica,
1377 1773 1431 1803 sed
1456 1773 1556 1813 ipsius
1582 1773 1647 1803 voti
1672 1772 1818 1803 fiduciam
1845 1782 1881 1803 ac
1904 1772 2003 1804 robur

199 1814 421 1855 adsumpserit,
444 1818 557 1846 natura
581 1818 686 1846 tamen
712 1816 907 1847 infirmitatis
931 1817 1088 1848 humanae
1113 1817 1254 1848 tardiora
1279 1820 1353 1848 sunt
1376 1817 1515 1848 remedia
1536 1828 1630 1858 quam
1650 1818 1741 1857 mala,
1765 1819 1796 1848 et
1816 1819 1851 1848 ut
1870 1827 2002 1858 corpora

199 1861 308 1889 nostra
335 1860 419 1890 lente
451 1863 632 1902 augescunt,
662 1861 725 1891 cito
755 1861 972 1903 extinguntur,
1002 1862 1046 1892 sic
1076 1861 1203 1903 ingenia
1232 1861 1400 1902 studiaque
1429 1862 1622 1902 oppresseris
1646 1861 1771 1892 facilius
1796 1872 1890 1902 quam
1915 1872 2003 1892 revo-

199 1903 326 1934 caveris.
373 1903 465 1935 Subit
495 1905 611 1945 quippe
641 1905 735 1935 etiam
766 1906 866 1946 ipsius
894 1906 1026 1937 inertiae
1056 1906 1197 1946 dulcedo,
1226 1908 1258 1936 et
1281 1906 1384 1937 invisa
1412 1907 1513 1948 primo
1540 1906 1659 1937 desidia
1682 1908 1844 1947 postremo
1869 1908 2000 1937 amatur.

199 1946 307 1984 Quid?
340 1948 366 1979 si
395 1959 451 1989 per
474 1949 651 1989 quindecim
678 1961 785 1990 annos,
809 1950 927 1991 grande
952 1951 1095 1981 mortalis
1119 1951 1187 1981 aevi
1213 1951 1361 1991 spatium,
1386 1951 1477 1982 multi
1502 1951 1645 1982 fortuitis
1671 1950 1805 1989 casibus,
1831 1950 2000 1992 promptis-

199 1992 297 2022 simus
332 1992 464 2033 quisque
497 1993 628 2024 saevitia
661 1994 815 2034 principis
850 1994 1088 2034 interciderunt,
1119 1995 1221 2035 pauci,
1250 1998 1286 2026 ut
1315 1996 1360 2026 ita
1389 1995 1532 2036 dixerim,
1561 2006 1626 2026 non
1655 1995 1748 2026 modo
1782 1995 1917 2026 aliorum
1946 1995 2001 2026 sed

198 2036 293 2066 etiam
318 2037 418 2068 nostri
443 2038 629 2077 superstites
654 2049 762 2069 sumus
787 2039 942 2080 exemptis
967 2050 983 2070 e
1008 2039 1111 2070 media
1135 2040 1201 2070 vita
1226 2042 1275 2070 tot
1303 2039 1403 2079 annis,
1428 2039 1542 2080 quibus
1571 2040 1700 2070 iuvenes
1730 2039 1768 2070 ad
1797 2041 2000 2080 senectutem,

198 2090 287 2111 senes
311 2091 410 2121 prope
434 2081 473 2111 ad
500 2082 586 2122 ipsos
611 2085 738 2113 exactae
762 2084 876 2114 aetatis
905 2084 1058 2115 terminos
1086 2095 1144 2125 per
1172 2084 1333 2115 silentium
1363 2084 1515 2115 venimus.
1562 2083 1637 2115 Non
1665 2086 1772 2115 tamen
1800 2084 1924 2126 pigebit
1950 2083 2001 2115 vel

197 2124 359 2156 incondita
387 2136 421 2156 ac
451 2126 519 2156 rudi
549 2137 624 2158 voce
649 2128 835 2158 memoriam
865 2128 980 2168 prioris
1005 2128 1168 2159 servitutis
1193 2139 1229 2160 ac
1254 2128 1471 2159 testimonium
1498 2129 1711 2169 praesentium
1737 2128 1893 2160 bonorum
1918 2139 2000 2160 com-

304 2220 430 2247 ConNELu
450 2222 543 2248 TAcrrx
563 2233 596 2248 ns
617 2233 677 2249 vrrA
697 2234 728 2249 ΕΤ
747 2233 859 2250 nonmvs
879 2225 959 2250 Avnn
979 2225 1136 2251 Aomconn:
1156 2228 1185 2257 A,
1206 2224 1252 2251 Cai
1274 2224 1383 2251 Corneli
1403 2225 1493 2251 Taciti
1513 2226 1547 2251 de
1567 2225 1633 2251 Vita
1653 2227 1680 2251 et
1699 2224 1821 2251 moribus
1840 2224 1905 2251 Iulii
1919 2224 2000 2259 Agri-

197 2256 256 2291 cole
279 2256 398 2296 drhemiu
422 2259 453 2288 B,
479 2257 604 2284 Cous-Em
629 2259 723 2284 Tsmrr
748 2269 781 2285 m:
806 2269 866 2285 vna
891 2260 958 2286 lvnu
982 2261 1140 2286 Aemcoms
1164 2270 1241 2286 mssa
1265 2270 1362 2286 memn-
1387 2263 1419 2293 G,
1445 2260 1564 2287 Cornelii
1584 2260 1676 2286 Taciti
1700 2261 1734 2286 de
1754 2261 1811 2287 vita
1830 2262 1858 2286 et
1877 2261 1999 2286 moribus

196 2291 387 2331 L3Agricolae
407 2292 477 2318 liber
496 2297 513 2318 T
599 2297 613 2319 ‘2
634 2295 739 2329 omisit]
759 2296 881 2321 ommisit
900 2299 924 2321 H
944 2300 1005 2322 teste
1025 2297 1181 2322 Decembrio
1262 2296 1374 2331 magna]
1396 2296 1471 2322 mala
1490 2300 1508 2322 T
1596 2299 1609 2322 7
1629 2296 1732 2331 pretio]
1751 2296 1858 2329 praetio
1877 2298 1920 2321 BG

197 2330 212 2352 8
232 2328 330 2367 isdem]
352 2327 451 2353 iisdem
471 2331 554 2354 ABGT
631 2330 825 2365 aestimantur]
846 2331 1015 2357 extimantur
1034 2335 1053 2357 T
1131 2334 1145 2357 9
1166 2332 1308 2366 petissem]
1330 2332 1473 2365 petiissem
1492 2334 1512 2357 B
1594 2340 1676 2358 saeva
1695 2334 1722 2358 et
1741 2331 1854 2366 infesta]
1875 2332 1953 2366 senia
1972 2333 2000 2357 et

195 2362 318 2397 infelicia
338 2365 356 2387 Β
449 2366 480 2388 10
500 2364 629 2399 Thrasea]
650 2367 741 2391 trasea
761 2368 782 2391 A
872 2367 1020 2402 Herennio]
1042 2367 1194 2393 herhennio
1214 2369 1233 2392 B
1324 2367 1469 2393 Senecioni
1490 2368 1653 2394 Rhenanus:
1674 2367 1810 2393 senetioni
1829 2370 1915 2393 ABGT

198 2402 228 2424 11
249 2399 352 2459 essent]
372 2399 406 2424 ab
425 2400 505 2425 initio
525 2402 650 2426 min'ssmn
668 2410 754 2435 supra
773 2410 874 2428 rversum
896 2403 958 2428 add.
976 2406 996 2428 G
1069 2403 1205 2437 auctores]
1228 2404 1337 2429 autores
1352 2406 1374 2428 A
1448 2406 1479 2429 12
1499 2403 1688 2437 monumenta]
1709 2403 1881 2429 monimenta
1895 2404 1915 2428 Β

198 2436 229 2459 13
250 2433 319 2474 foro]
350 2435 430 2474 'orum
449 2436 468 2459 B
558 2436 681 2472 Scilicet]
701 2437 774 2462 scil&
795 2440 815 2462 G
905 2439 1009 2473 vocem]
1031 2447 1079 2465 om.
1096 2441 1115 2464 B
1196 2435 1239 2464 Α15
1264 2439 1431 2473 occurreret]
1452 2442 1563 2465 occurre
1583 2441 1602 2464 B
1692 2438 1807 2473 grande]
1829 2447 1879 2465 om.
1895 2441 1914 2464 B

198 2473 228 2494 16
249 2469 390 2503 libertate]
412 2469 547 2496 hbertade
567 2475 585 2496 T
672 2475 702 2498 17
724 2473 899 2507 commercio]
920 2475 1051 2500 comertio
1071 2477 1100 2506 A,
1121 2474 1252 2500 comertio
1274 2477 1301 2506 G,
1322 2474 1423 2508 adepto
1443 2475 1465 2500 ἅν
1485 2474 1617 2500 ‹ze->mettio
1636 2476 1656 2499 B
1747 2476 1778 2500 19
1799 2475 1828 2500 at
1845 2474 1955 2507 scripsi:
1975 2474 1998 2500 ὣ

196 2506 280 2529 ABGT
344 2507 377 2530 ‘20
397 2505 475 2540 olim]
496 2506 568 2539 olym
589 2510 609 2532 A
678 2508 879 2543 dissociabiles]
902 2509 1088 2535 dissotiabiles
1109 2512 1181 2541 AGT,
1201 2509 1377 2536 dissolubiles
1397 2512 1415 2534 B
1485 2510 1621 2544 quotidie]
1642 2509 1781 2542 quottidie
1802 2512 1841 2535 GT
1909 2509 1998 2535 felici-

195 2558 293 2592 tatem]
314 2558 496 2598 foelicitatem
516 2562 555 2583 GT
628 2563 658 2586 21
680 2561 802 2596 publica]
824 2568 887 2595 ppca
907 2564 926 2587 B
1001 2566 1032 2588 22
1053 2563 1251 2597 adsumpserit]
1267 2563 1449 2596 assumpserit
1463 2566 1527 2589 AGT
1603 2563 1783 2597 infirmitatis]
1801 2547 1954 2594 infir-mitiis,
1975 2562 1997 2588 ti

195 2593 257 2619 add.
277 2594 431 2620 rubo-remor
450 2597 468 2618 T
541 2597 573 2619 25
594 2596 724 2630 spatium]
745 2597 870 2630 spacium
890 2600 912 2622 A
984 2598 1065 2624 multi
1086 2599 1211 2631 Lipsius:
1232 2598 1326 2624 multis
1346 2600 1431 2623 ABGT
1504 2598 1739 2633 promptissimus]
1758 2598 1894 2632 promptis
1915 2597 1994 2624 simul

197 2632 215 2652 G
289 2631 320 2654 26
341 2631 372 2654 ut
391 2629 431 2655 ita
451 2630 615 2656 Rhenanus.-
637 2633 664 2656 et
683 2633 723 2657 uti
743 2635 828 2657 ABGT
901 2638 933 2658 ἰδ
954 2634 1080 2668 exactae]
1100 2635 1217 2667 exaptae
1238 2637 1256 2659 T
1330 2636 1361 2659 29
1382 2634 1536 2669 servitutis]
1557 2634 1707 2660 senectutis
1727 2636 1769 2659 AB

2019 1295 2044 1315 10

2018 1519 2042 1536 15

2017 1740 2042 1759 20

2015 1963 2039 1983 25
