2112 2891
188 239 226 270 16
760 234 929 261 CORNELI]
948 233 1067 260 TACITI
1086 232 1292 260 AGRICOLAE
1312 235 1415 259 35-37
1909 235 1995 259 Habt

185 322 353 352 consecuta
381 322 441 360 est,
472 318 643 359 statimque
672 317 710 347 ad
739 327 826 348 arma
855 316 1042 347 discursum.
1089 314 1262 346 Instinctos
1292 316 1483 356 ruentesque
1511 315 1557 346 ita
1586 315 1757 356 disposuit,
1787 318 1822 347 ut
1850 315 1994 357 peditum

185 364 317 406 auxilia,
341 375 421 405 quae
444 365 515 394 octo
539 361 664 393 milium
689 363 792 402 erant,
817 359 953 392 mediam
978 360 1078 392 aciem
1102 360 1281 400 firmarent,
1305 359 1449 400 equitum
1473 359 1536 390 tria
1559 359 1649 391 milia
1670 359 1820 391 cornibus
1844 359 1995 391 adfundeâ€”

185 412 307 441 rentur:
330 408 472 450 legiones
495 418 552 449 pro
577 407 661 438 vallo
686 408 814 446 stetere,
839 406 951 448 ingens
975 404 1128 436 victoriae
1152 404 1247 436 decus
1271 404 1350 435 citra
1373 403 1554 436 Romanum
1585 404 1773 446 sanguinem
1801 404 1935 436 bellanti
1964 406 1996 436 et

185 454 349 494 auxilium,
372 453 398 484 si
422 453 623 494 pellerentur.
670 451 911 482 Brittannorum
936 450 1018 482 acies
1043 450 1076 481 in
1100 450 1237 491 speciem
1262 449 1358 480 simul
1381 459 1418 480 ac
1441 450 1594 480 terrorem
1618 449 1806 481 editioribus
1825 449 1904 481 locis
1923 460 1996 481 con-

185 500 310 530 stiterat
332 499 386 539 ita,
409 499 445 528 ut
468 496 605 538 primuni
631 506 741 538 agmen
767 495 800 526 in
824 506 935 536 aequo,
959 494 1055 526 ceteri
1075 505 1132 536 per
1151 493 1273 526 adclive
1293 494 1403 536 iugum
1425 494 1536 525 conexi
1556 494 1644 525 velut
1662 493 1873 537 insurgerent,
1892 493 1996 526 media

186 543 289 585 campi
314 542 514 574 covinnarius
538 551 634 582 eques
659 540 795 582 strepitu
820 551 856 571 ac
880 540 1023 571 discursu
1049 538 1227 581 conplebat.
1264 538 1344 569 Tum
1367 538 1520 580 Agricola
1538 540 1708 580 superante
1727 538 1870 571 hostium
1890 539 1996 570 multi-

185 588 294 619 tudine
322 588 455 627 veritus,
483 598 521 617 ne
550 585 675 627 [simul]
704 585 736 616 in
765 585 903 616 frontem
933 584 1028 616 simul
1057 586 1088 615 et
1116 584 1216 615 latera
1247 594 1377 614 suorum
1407 586 1618 626 pugnaretur,
1652 583 1788 615 diductis
1821 583 1996 626 ordinibus,

186 643 376 674 quamquam
401 631 576 672 porrectior
599 631 682 662 acies
706 630 814 661 futura
837 632 906 661 erat
929 631 961 660 et
985 628 1187 660 arcessendas
1215 628 1360 670 plerique
1389 628 1531 670 legiones
1559 628 1787 670 admonebant,
1815 629 1998 670 promptior

133 678 219 711 36111
252 688 339 719 spem
372 678 403 707 et
436 676 546 707 firmus
580 674 719 706 adversis
753 675 884 706 dimisso
919 685 1000 715 equo
1029 673 1126 716 pedes
1155 676 1228 705 ante
1256 673 1373 704 vexilla
1401 673 1554 704 constitit.
1606 672 1654 704 Ac
1686 674 1790 715 primo
1824 684 1996 716 congressu

187 722 310 753 eminus
335 720 526 752 certabatur:
551 720 709 761 simulque
729 719 917 760 constantia,
937 719 1035 750 simul
1054 721 1122 750 arte
1142 718 1302 750 Brittanni
1323 717 1508 760 ingentibus
1527 717 1644 760 gladiis
1663 720 1694 749 et
1713 718 1861 750 brevibus
1881 717 1997 750 caetris

187 767 318 798 missilia
347 768 529 797 nostrorum
558 765 657 796 vitare
687 764 736 795 vel
766 766 914 795 excutere
947 766 1043 805 atque
1077 763 1138 805 ipsi
1172 774 1321 805 magnam
1356 763 1420 794 vim
1454 762 1590 794 telorum
1624 763 1866 805 superfundere,
1898 763 1998 795 donec

187 810 337 852 Agricola
362 812 512 851 quattuor
537 808 730 841 Batavorum
755 808 902 840 cohortes
927 819 962 840 ac
986 808 1189 851 Tungrorum
1215 808 1293 839 duas
1318 807 1504 839 cohortatus
1528 809 1589 849 est,
1617 809 1653 839 ut
1676 818 1742 840 rem
1767 808 1804 840 ad
1830 818 1998 840 mucrones

186 867 221 887 ac
245 866 357 887 manus
380 855 580 886 adducerent.
628 853 718 891 Quod
748 855 779 885 et
807 854 885 895 ipsis
914 855 1073 885 vetustate
1102 853 1233 884 militiae
1263 853 1471 884 exercitatum
1502 855 1534 884 et
1564 851 1711 884 hostibus
1735 852 1877 884 inhabile
1901 863 1999 894 parva

187 903 276 932 scuta
295 903 326 931 et
345 910 489 931 enormes
508 899 632 941 gladios
653 898 851 941 gerentibus:
875 909 948 930 nam
970 898 1211 930 Brittannorum
1236 897 1335 941 gladii
1356 897 1423 929 sine
1443 908 1594 929 mucrone
1615 897 1815 939 complexum
1836 908 1997 929 armorum

186 948 216 977 et
240 945 272 976 in
296 948 365 976 arto
389 955 529 986 pugnam
554 955 617 975 non
643 943 830 975 tolerabant.
872 942 976 985 Igitur
1000 946 1036 974 ut
1055 943 1169 974 Batavi
1194 943 1326 974 miscere
1351 943 1441 983 ictus,
1466 943 1559 975 ferire
1584 942 1787 984 umbonibus,
1812 952 1867 974 ora
1889 942 1999 974 fodere

186 993 216 1021 et
240 990 358 1030 stratis,
383 990 437 1030 qui
461 990 493 1020 in
517 999 618 1030 aequo
644 989 841 1028 adstiterunt,
865 989 987 1030 erigere
1012 989 1043 1019 in
1068 989 1165 1019 colles
1190 988 1287 1019 aciem
1315 999 1454 1029 coepere,
1475 990 1597 1019 ceterae
1616 987 1764 1019 cohortes
1784 987 1997 1019 aemulatione

186 1037 216 1066 et
244 1035 365 1075 impetu
395 1035 519 1065 conisae
548 1034 712 1075 proximos
743 1044 888 1074 quosque
917 1033 1053 1064 caedere.
1106 1033 1152 1064 Ac
1181 1032 1326 1075 plerique
1355 1033 1528 1064 semineces
1558 1033 1613 1063 aut
1646 1032 1762 1075 integri
1792 1031 1998 1064 festinatione

186 1079 336 1110 victoriae
359 1078 628 1120 relinquebantur.
676 1077 806 1109 Interim
832 1078 976 1119 equitum
1001 1080 1138 1119 turmae,
1165 1081 1195 1109 ut
1219 1077 1330 1119 fugere
1354 1077 1544 1118 cmrinnarii,
1570 1077 1712 1118 peditum
1739 1088 1771 1109 se
1794 1076 1916 1119 proelio
1942 1077 1999 1108 1111-

187 1134 299 1155 scuere.
351 1123 394 1154 Et
425 1134 616 1165 quamquam
649 1126 806 1155 recentem
838 1124 991 1154 terrorem
1025 1122 1211 1163 intulerant,
1241 1123 1346 1154 densis
1375 1125 1482 1154 tamen
1509 1122 1652 1154 hostium
1682 1122 1864 1164 agminibus
1893 1123 1925 1153 et
1953 1121 1998 1152 in-

186 1168 370 1210 aequalibus
399 1168 477 1199 10018
505 1168 692 1208 haerebant,
723 1168 918 1209 minimeque
948 1178 1048 1209 aequa
1078 1168 1197 1199 nostris
1228 1168 1288 1199 iam
1318 1179 1445 1210 pugnae
1473 1167 1570 1199 facies
1595 1169 1676 1207 erat,
1701 1177 1771 1198 cum
1797 1177 1891 1209 aegre
1915 1166 1998 1198 clivo

186 1214 338 1245 instantes
364 1213 459 1244 simul
483 1223 635 1254 equorum
662 1213 850 1254 corporibus
875 1213 1123 1254 impellerentur.
1157 1212 1203 1244 Ac
1225 1223 1317 1254 saepe
1338 1212 1410 1255 vagi
1431 1223 1550 1253 currus,
1570 1212 1713 1244 exterriti
1733 1212 1801 1243 sine
1821 1211 1998 1243 rectoribus

187 1258 268 1299 equi,
291 1261 325 1289 ut
351 1268 508 1299 quemque
530 1257 667 1289 formido
691 1258 818 1291 tulerat.
843 1260 1040 1289 transversos
1065 1260 1120 1289 aut
1145 1258 1257 1289 obvios
1282 1257 1497 1289 incursabant.
1544 1256 1587 1288 Et
1612 1256 1787 1297 Brittanni,
1812 1257 1867 1298 qui
1895 1255 1999 1288 adhuc

186 1314 310 1345 pugnae
340 1305 484 1344 expertes
513 1314 637 1333 summa
665 1303 793 1333 collium
825 1302 1007 1334 insederant
1035 1305 1066 1333 et
1094 1303 1288 1344 paucitatem
1315 1304 1497 1334 nostrorum
1522 1302 1613 1333 vacui
1639 1302 1845 1343 spernebant,
1861 1301 1998 1343 degredi

187 1348 340 1388 paulatim
365 1351 395 1378 et
420 1347 585 1379 circumire
609 1350 699 1389 terga
723 1348 917 1378 vincentium
940 1351 1119 1388 coeperant,
1139 1347 1170 1378 ni
1193 1347 1224 1379 id
1245 1347 1349 1389 ipsum
1370 1347 1489 1378 veritus
1510 1346 1662 1389 Agricola
1681 1348 1835 1388 quattuor
1854 1346 1997 1387 equitum

186 1392 251 1423 alas
280 1392 318 1423 ad
348 1392 453 1423 subita
481 1392 556 1423 belli
584 1395 725 1423 retentas
754 1392 956 1423 venientibus
988 1393 1203 1434 opposuisset.
1236 1394 1421 1434 quantoque
1454 1392 1592 1423 ferocius
1625 1393 1879 1433 accucurrerant,
1906 1392 1998 1422 tanto

186 1437 289 1468 acrius
312 1436 421 1478 pulsos
445 1437 477 1468 in
501 1437 609 1479 fugam
635 1437 817 1468 disiecisset.
864 1436 911 1468 Ita
938 1437 1107 1468 consilium
1133 1437 1374 1469 Brittannorum
1401 1437 1432 1468 in
1459 1437 1546 1478 ipsos
1570 1447 1712 1477 versum,
1737 1438 1998 1478 transvectaeque

187 1484 353 1522 praecepto
378 1481 466 1513 ducis
490 1493 507 1512 a
531 1482 636 1513 fronte
660 1482 872 1524 pugnantium
898 1481 966 1513 3130
986 1493 1128 1514 aversam
1149 1483 1290 1513 hostium
1312 1483 1411 1514 aciem
1433 1483 1584 1513 invasere.
1617 1480 1698 1512 Tum
1719 1491 1793 1512 vero
1813 1480 2011 1522 patentibus,

186 1527 263 1557 loeis
288 1526 406 1568 grande
431 1529 461 1557 et
485 1529 576 1557 atrox
601 1528 831 1568 spectaculum:
856 1527 955 1568 sequi,
981 1527 1155 1567 vulnerare,
1180 1538 1292 1568 capere
1320 1529 1416 1568 atque
1445 1526 1572 1558 eosdem
1597 1525 1713 1558 oblatis
1738 1525 1810 1557 aliis
1831 1525 1998 1557 trucidare.

186 1570 251 1602 Iam
276 1571 426 1611 hostium,
451 1575 546 1613 prout
571 1572 684 1612 cuique
710 1572 872 1614 ingenium
898 1575 974 1611 erat,
999 1575 1143 1603 catervae
1167 1574 1362 1603 armatorum
1389 1571 1595 1614 paucioribus
1620 1573 1709 1613 terga
1734 1573 1906 1613 praestare,
1930 1570 2000 1612 qui-

186 1615 257 1647 dam
283 1616 416 1646 inermes
441 1616 525 1647 ultro
550 1627 639 1647 ruere
663 1627 699 1647 ac
724 1628 756 1648 se
781 1617 877 1648 morti
901 1618 1027 1648 offerre:
1055 1618 1174 1659 passim
1200 1628 1287 1648 arma
1312 1619 1343 1647 et
1367 1627 1501 1658 corpora
1525 1619 1556 1647 et
1580 1616 1675 1647 laceri
1700 1619 1787 1647 artus
1812 1618 1842 1647 et
1867 1617 2000 1647 cruenta

186 1660 307 1692 humus.
346 1660 388 1691 Et
412 1660 582 1702 aliquando
607 1662 701 1692 etiam
728 1662 821 1693 victis
846 1662 892 1693 ira
912 1662 1087 1703 virtusque.
1121 1661 1296 1703 Postquam
1318 1661 1407 1693 silvis
1427 1661 1776 1702 adpropinquaverunt,
1796 1661 1857 1691 iam
1878 1660 1998 1702 primos

294 1770 305 1792 1
327 1767 485 1800 consecuta]
507 1769 676 1801 consequuta
697 1777 720 1794 a.
741 1770 892 1801 consequta
912 1771 926 1793 b
1007 1772 1020 1794 :2
1042 1768 1272 1802 adfunderentur]
1294 1767 1503 1793 effunderentur
1522 1770 1578 1793 abt
1659 1770 1674 1792 3
1695 1766 1813 1793 bellanti
1833 1766 1997 1793 Rhenanus:

186 1802 309 1828 bellandi
333 1805 416 1828 Habt
489 1807 502 1827 4
528 1803 747 1838 Brittannorum]
774 1804 971 1830 Britannorum
996 1807 1073 1830 abt?
1155 1804 1331 1838 editioribus]
1358 1803 1527 1830 edicioribus
1552 1806 1576 1828 11
1601 1812 1699 1837 imprâ€ž
1719 1801 1885 1837 editioribus
1905 1811 1921 1827 a

187 1841 201 1861 á¼´)
221 1847 316 1872 agmen
342 1837 369 1863 in
394 1846 490 1871 aequO,
515 1839 598 1865 ceteri
624 1840 772 1865 Rusti-erus:
798 1840 926 1873 agminae
951 1849 1005 1873 quo
1031 1840 1115 1866 ceteri
1136 1842 1168 1871 Î—,
1189 1841 1217 1866 in
1238 1848 1289 1874 quo
1310 1841 1337 1865 in
1360 1841 1482 1874 Ï†Î·ÏƒÎ¹-91110
1500 1848 1533 1865 m.
1549 1847 1597 1866 sec.
1613 1839 1675 1865 add.
1693 1847 1747 1872 quo
1768 1840 1862 1870 steter,
1887 1837 1999 1872 agmine

186 1882 240 1906 quo
260 1874 343 1900 ceteri
364 1878 382 1901 t.
402 1875 512 1906 agmine
531 1883 585 1908 quo
606 1875 707 1901 coeteri
728 1885 751 1904 a,
772 1876 883 1909 agmine
903 1884 957 1909 quo
977 1876 1062 1910 ceteri
1083 1878 1098 1901 b
1181 1875 1279 1901 conexi
1299 1876 1442 1901 Halmius:
1463 1875 1579 1902 connexi
1598 1877 1684 1900 Habt
1775 1877 1790 1900 6
1811 1873 1997 1907 covinnarius]

186 1910 381 1936 conuinuarius
401 1912 471 1942 Eat,
491 1911 650 1936 couinarius
670 1913 684 1936 b
775 1920 859 1944 eques
880 1912 1009 1946 strepitu]
1035 1912 1225 1945 equestrepitu
1247 1914 1271 1937 11
1291 1921 1323 1937 m.
1338 1920 1380 1945 pr.
1472 1910 1631 1945 conplebat]
1653 1909 1814 1944 complebat
1832 1912 1909 1936 abt?

187 1948 200 1970 á¼°Î‡
223 1945 326 1980 [simul]
347 1946 395 1971 del.
412 1946 581 1972 Froelichius
660 1946 759 1981 latera]
781 1948 870 1973 altera
890 1950 905 1973 b
998 1953 1013 1973 s
1034 1948 1224 1982 arcessendas]
1252 1948 1278 1973 Î¹á½µ
1300 1950 1324 1972 Î—
1343 1948 1406 1974 add.
1424 1949 1453 1973 in
1473 1947 1596 1981 margine
1615 1955 1648 1972 m.
1663 1954 1711 1972 sec.
1728 1945 1909 1972 accersendas

186 1980 319 2015 legiones]
340 1981 458 2014 legionis
477 1984 501 2007 Î—
517 1992 549 2008 m.
561 1991 615 2016 prâ€ž
635 1991 702 2009 corr.
717 1991 751 2008 m.
767 1991 815 2009 sec.
891 1986 922 2009 10
943 1983 1094 2017 Brittanni]
1116 1983 1243 2009 Britanni
1263 1985 1343 2009 abt?
1413 1983 1527 2017 caetris]
1548 1982 1651 2008 coetris
1669 1992 1693 2014 a,
1713 1981 1796 2008 cetris
1815 1983 1831 2007 b
1901 1984 1932 2007 11
1953 1989 1999 2007 ex-

187 2017 289 2051 cutere]
311 2019 467 2043 excuterere
487 2022 498 2042 t
588 2021 619 2044 1â€˜2
644 2019 786 2052 quattuor]
809 2021 929 2052 quatuor
948 2024 967 2051 t,
992 2028 1042 2045 om.
1059 2021 1095 2044 ab
1188 2019 1368 2053 Batavorum]
1393 2020 1577 2044 uataeuorum
1597 2020 1630 2049 H,
1648 2018 1694 2044 sed
1713 2027 1747 2044 m.
1762 2026 1811 2044 sec.
1827 2025 1842 2043 e
1861 2017 1910 2043 del.
1926 2019 1950 2043 et
1968 2017 1999 2043 in

570 2055 587 2073 B

189 2079 307 2113 marqine
327 2079 549 2113 add.bata11oruâ€š
569 2080 742 2107 Vatanoruin
763 2091 778 2106 a
873 2085 903 2107 13
928 2083 1067 2107 vetustate
1091 2081 1219 2116 militiae]
1245 2081 1493 2107 uetustatenniliae
1513 2084 1538 2106 Î—
1628 2080 1763 2115 inhabile]
1789 2078 1955 2106 inabitabile
1975 2081 1999 2105 Î—

187 2141 220 2158 m.
232 2142 285 2166 prâ€ž
305 2141 371 2159 corr.
389 2142 420 2159 m.
436 2142 482 2160 sec.
559 2138 590 2160 14
610 2134 830 2168 Brittannorum]
854 2135 1050 2162 Britannorum
1071 2137 1126 2161 abt
1137 2139 1148 2161 á¼±)
1222 2136 1371 2169 armorum]
1389 2123 1528 2167 armâ€˜arum
1543 2145 1559 2160 a
1626 2138 1656 2160 15
1673 2135 1733 2160 arto
1751 2134 1881 2160 Medicis:
1902 2134 1998 2167 aperto

188 2171 272 2194 Habt
344 2169 451 2203 Batavi]
473 2170 568 2195 uatabi
587 2173 637 2203 nt,
657 2171 754 2196 uataui
775 2181 790 2196 a
864 2171 1042 2205 umbonibus]
1064 2173 1134 2203 ictus
1153 2171 1321 2197 umbonibus
1341 2180 1357 2196 a
1429 2171 1525 2197 fodere
1545 2172 1573 2197 et
1592 2170 1687 2196 stratis
1707 2170 1864 2196 Ernestius:
1885 2168 1999 2195 foedare

188 2205 216 2229 et
230 2204 310 2230 tratis
325 2207 401 2237 Hah,
421 2205 532 2231 foedare
548 2208 575 2232 et
590 2207 688 2232 tractis
707 2211 726 2237 t,
748 2208 776 2232 in
797 2209 843 2232 Ha
863 2207 926 2233 add.
944 2208 972 2232 in
991 2208 1115 2241 ÎœÎ±Î¹-91310
1135 2206 1215 2232 foede
1236 2207 1304 2232 recti
1324 2208 1411 2233 trates
1430 2206 1476 2233 uel
1495 2209 1585 2233 traces
1638 2208 1669 2232 16
1690 2206 1791 2240 aequo]
1812 2212 1882 2238 equo
1903 2207 1938 2230 bt

188 2240 314 2274 coepere]
334 2249 431 2274 capere
451 2243 466 2266 b
526 2243 643 2276 ceterae]
665 2245 791 2268 coeterae
812 2245 849 2268 ab
923 2242 1122 2277 aemulatione]
1139 2242 1310 2269 emulatione
1329 2245 1345 2268 b
1421 2245 1452 2268 17
1473 2242 1594 2277 conisae]
1612 2242 1742 2269 connisae
1757 2244 1794 2266 ab
1869 2243 1902 2266 18
1921 2240 1999 2274 equi-

187 2276 257 2310 tum]
278 2276 420 2309 aequitum
440 2279 463 2301 Î’
536 2282 570 2303 ut
589 2278 651 2303 add.
668 2279 852 2305 Doedcrlinus
924 2278 1088 2313 covinnarii]
1110 2278 1286 2304 conuinnarii
1305 2281 1342 2303 ab
1421 2278 1538 2313 proelio]
1559 2278 1648 2313 prelio
1668 2280 1683 2303 b
1776 2279 1808 2303 19
1828 2283 1999 2310 quamquam

187 2312 335 2345 recentem]
357 2315 429 2346 quaq
449 2315 571 2339 recentes
591 2316 606 2339 b
689 2317 722 2340 â€˜20
743 2322 831 2348 aequa
855 2315 956 2341 nostris
976 2314 1033 2340 iam
1052 2315 1239 2348 Anquetilius:
1269 2315 1410 2347 equestres
1431 2322 1463 2339 ea
1483 2314 1556 2340 enim
1576 2316 1635 2347 Hb,
1663 2313 1708 2340 sed
1727 2314 1757 2338 in
1776 2315 1800 2338 n
1820 2320 1886 2338 corr.
1901 2320 1935 2338 m.
1949 2319 1998 2338 sec.

188 2365 324 2397 equestris
343 2365 368 2390 ei
388 2366 470 2397 0111111,
495 2356 635 2400 equestres
651 2376 683 2393 ea
700 2377 732 2392 -nÎ‡
749 2373 768 2399 t,
785 2370 938 2401 equestres:
955 2357 988 2394 ea
1008 2367 1082 2394 enim
1102 2377 1118 2393 a
1192 2376 1273 2401 aegre
1294 2367 1364 2394 clivo
1385 2367 1522 2393 instantes
1542 2367 1755 2393 Schoemannus:
1779 2373 1863 2400 aegra
1883 2365 1931 2391 diu
1951 2366 2000 2392 aut

189 2401 280 2426 stante
299 2403 336 2432 Î—,
361 2409 425 2436 egra
450 2402 498 2428 diu
523 2405 570 2428 sut
590 2405 681 2429 stante
701 2406 756 2429 abt
847 2407 878 2430 â€˜21
900 2404 1043 2438 equorum]
1069 2411 1219 2437 aequorum
1239 2406 1264 2428 Î—
1283 2412 1316 2429 m.
1330 2412 1382 2436 prâ€ž
1398 2411 1464 2429 corr.
1481 2412 1514 2429 m.
1529 2411 1577 2429 sec.
1661 2401 1796 2436 exterriti]
1817 2401 1956 2427 exterritis
1975 2403 2000 2426 Î—

188 2444 220 2461 m.
235 2445 286 2469 prâ€ž
306 2445 373 2463 corr.
390 2447 421 2463 m.
437 2446 484 2464 sec.
559 2442 590 2464 22
611 2439 763 2473 Brittanni]
784 2439 907 2465 britanni
927 2441 1003 2467 abt?
1087 2441 1119 2465 23
1139 2439 1276 2473 expertes]
1297 2439 1419 2472 expertis
1438 2441 1502 2464 Eat
1576 2438 1693 2472 summa]
1715 2441 1822 2470 sumam
1842 2447 1858 2463 a
1931 2444 1999 2471 pau-

189 2471 311 2506 citatem]
332 2473 473 2506 paucitate
493 2477 517 2499 H
538 2483 569 2500 m.
582 2483 635 2508 pn,
654 2483 720 2501 corr.
739 2484 770 2501 m.
786 2484 834 2501 see.
904 2475 1082 2510 spernebant]
1105 2475 1276 2509 spernabant
1295 2477 1319 2499 Î—
1339 2483 1371 2500 m.
1384 2483 1438 2508 prâ€ž
1458 2483 1524 2501 corr.
1541 2483 1574 2500 m.
1589 2482 1637 2500 sec.
1707 2473 1832 2508 degredi]
1854 2471 1963 2507 digredi
1983 2474 1998 2498 b

259 2511 292 2533 24
311 2509 348 2542 et]
370 2516 401 2534 ac
421 2512 436 2534 b
518 2510 672 2544 circumire]
699 2511 815 2536 circuire
835 2514 850 2536 b
933 2512 1092 2546 coeperant]
1119 2513 1251 2546 ceperant
1269 2512 1285 2535 b
1368 2510 1407 2544 ni]
1428 2510 1457 2535 in
1476 2513 1492 2536 b
1565 2509 1708 2544 quattuor]
1729 2511 1849 2542 quatuor
1868 2510 1924 2534 abt

190 2546 222 2568 25
237 2543 341 2578 subita]
357 2544 469 2570 subbita
483 2550 495 2570 t
550 2548 772 2581 accucurrerant]
790 2550 967 2572 occurrerant
981 2549 997 2572 b
1062 2549 1095 2572 26
1111 2547 1217 2581 pulsos]
1233 2546 1314 2579 pulso
1330 2548 1354 2571 Î—
1370 2555 1401 2571 m.
1410 2554 1463 2579 prâ€ž
1479 2554 1546 2572 corr.
1558 2554 1590 2571 m.
1601 2553 1650 2572 sec.
1706 2543 1927 2578 Brittannomm]
1943 2543 1998 2569 bri-

190 2580 335 2605 tannorum
351 2582 406 2606 abt
464 2581 582 2615 versum]
603 2590 699 2608 uersus
719 2587 730 2608 t
795 2585 827 2608 :28
849 2583 942 2617 atque]
964 2583 1056 2616 adque
1075 2585 1100 2608 11
1116 2591 1147 2608 m.
1165 2591 1218 2616 prâ€ž
1233 2590 1300 2609 corr.
1315 2590 1349 2607 m.
1365 2590 1412 2608 see.
1469 2581 1582 2616 oblatis]
1604 2580 1705 2607 ablatis
1725 2583 1802 2607 abt?
1867 2582 1900 2606 29
1919 2587 1997 2613 prae-

190 2614 271 2649 stare]
293 2616 320 2655 Â²2â·1
342 2617 366 2640 11
384 2624 417 2641 m.
436 2624 484 2642 see.
502 2616 564 2642 add.
585 2617 612 2642 iv
632 2619 755 2652 maryine
778 2618 863 2652 phere
954 2621 986 2644 31
1012 2618 1122 2653 humus]
1147 2618 1238 2644 lumus
1258 2619 1283 2643 Î—
1301 2626 1334 2643 m.
1348 2626 1401 2650 prâ€ž
1420 2625 1487 2643 corr.
1503 2626 1537 2643 m.
1551 2624 1600 2643 sec.
1693 2614 1996 2649 adpropinquaverunt]

191 2653 483 2683 appropinquauerunt
503 2654 548 2683 ab,
570 2653 842 2685 apropinquauerunt
863 2660 874 2680 t
948 2654 1001 2679 13111
1023 2655 1132 2687 scripsi:
1153 2662 1216 2679 nam
1237 2656 1286 2684 nt,
1306 2654 1381 2678 ntem
1403 2662 1426 2684 a,
1447 2653 1514 2679 item
1534 2655 1549 2678 b

2013 732 2038 751 1â°

2016 956 2038 976 15

2013 1179 2039 1200 20

2013 1404 2038 1423 25

2013 1628 2038 1648 30
