<?xml version="1.0" encoding="UTF-8"?>
<!DOCTYPE html PUBLIC "-//W3C//DTD XHTML 1.0 Transitional//EN"
    "http://www.w3.org/TR/xhtml1/DTD/xhtml1-transitional.dtd">
<html xmlns="http://www.w3.org/1999/xhtml" xml:lang="en" lang="en">
 <head>
  <title>
</title>
<meta http-equiv="Content-Type" content="text/html;charset=utf-8" />
  <meta name='ocr-system' content='tesseract 3.04.00' />
  <meta name='ocr-capabilities' content='ocr_page ocr_carea ocr_par ocr_line ocrx_word'/>
</head>
<body>
  <div class='ocr_page' id='page_1' title='image "./devitaetmoribusi00taciuoft_0006.png"; bbox 0 0 2086 2917; ppageno 0'>
   <div class='ocr_carea' id='block_1_1' title="bbox 164 44 903 404">
    <p class='ocr_par' dir='ltr' id='par_1_1' title="bbox 164 44 903 404">
     <span class='ocr_line' id='line_1_1' title="bbox 473 44 828 77; baseline 0 -12"><span class='ocrx_word' id='word_1_1' title='bbox 473 54 492 65; x_wconf 65' lang='lat'>1«</span> <span class='ocrx_word' id='word_1_2' title='bbox 745 44 828 77; x_wconf 26' lang='grc' dir='ltr'>-ῗῒηηκ</span> 
     </span>
     <span class='ocr_line' id='line_1_2' title="bbox 211 100 885 148; baseline 0.004 -25"><span class='ocrx_word' id='word_1_3' title='bbox 211 107 217 123; x_wconf 66' lang='lat' dir='ltr'><em>J</em></span> <span class='ocrx_word' id='word_1_4' title='bbox 790 100 885 148; x_wconf 22' lang='lat' dir='ltr'>tif-*ii*</span> 
     </span>
     <span class='ocr_line' id='line_1_3' title="bbox 164 149 902 191; baseline -0.001 -7"><span class='ocrx_word' id='word_1_5' title='bbox 164 179 167 184; x_wconf 51' lang='lat' dir='ltr'><em>s</em></span> <span class='ocrx_word' id='word_1_6' title='bbox 870 149 902 191; x_wconf 24' lang='lat'>“2³33</span> 
     </span>
     <span class='ocr_line' id='line_1_4' title="bbox 186 193 903 214; baseline 0 -5"><span class='ocrx_word' id='word_1_7' title='bbox 186 203 190 209; x_wconf 46' lang='lat'><em>2</em></span> <span class='ocrx_word' id='word_1_8' title='bbox 882 193 903 214; x_wconf 57' lang='lat'>‚1⁴-</span> 
     </span>
     <span class='ocr_line' id='line_1_5' title="bbox 170 312 822 362; baseline 0.003 -12"><span class='ocrx_word' id='word_1_9' title='bbox 170 339 203 350; x_wconf 53' lang='lat' dir='ltr'>s-</span> <span class='ocrx_word' id='word_1_10' title='bbox 473 337 505 362; x_wconf 42' lang='grc' dir='ltr'>,ᾖ</span> <span class='ocrx_word' id='word_1_11' title='bbox 529 350 532 353; x_wconf 81' lang='lat'>.</span> <span class='ocrx_word' id='word_1_12' title='bbox 548 327 568 341; x_wconf 44' lang='lat'>&#39;7&#39;</span> <span class='ocrx_word' id='word_1_13' title='bbox 587 324 599 346; x_wconf 49' lang='lat' dir='ltr'>{s</span> <span class='ocrx_word' id='word_1_14' title='bbox 622 321 656 347; x_wconf 49' lang='lat' dir='ltr'>O}</span> <span class='ocrx_word' id='word_1_15' title='bbox 683 312 718 343; x_wconf 52' lang='lat' dir='ltr'>Y)</span> <span class='ocrx_word' id='word_1_16' title='bbox 751 329 795 359; x_wconf 17' lang='lat' dir='ltr'>[le]</span> <span class='ocrx_word' id='word_1_17' title='bbox 819 334 822 337; x_wconf 88' lang='grc'><strong>’</strong></span> 
     </span>
     <span class='ocr_line' id='line_1_6' title="bbox 176 390 616 404; baseline -0.011 1"><span class='ocrx_word' id='word_1_18' title='bbox 176 399 179 401; x_wconf 75' lang='lat'><strong><em>—</em></strong></span> <span class='ocrx_word' id='word_1_19' title='bbox 288 392 303 401; x_wconf 71' lang='lat'>⁴-</span> <span class='ocrx_word' id='word_1_20' title='bbox 492 390 509 401; x_wconf 47' lang='grc' dir='ltr'>ι*</span> <span class='ocrx_word' id='word_1_21' title='bbox 527 399 544 404; x_wconf 92' lang='grc'>..</span> <span class='ocrx_word' id='word_1_22' title='bbox 564 395 569 400; x_wconf 94' lang='grc'>--</span> <span class='ocrx_word' id='word_1_23' title='bbox 597 393 616 402; x_wconf 47' lang='lat' dir='ltr'>ua</span> 
     </span>
    </p>
   </div>
   <div class='ocr_carea' id='block_1_2' title="bbox 174 507 1981 2637">
    <p class='ocr_par' dir='ltr' id='par_1_2' title="bbox 174 507 1981 2637">
     <span class='ocr_line' id='line_1_7' title="bbox 281 507 1974 544; baseline -0.003 -7"><span class='ocrx_word' id='word_1_24' title='bbox 281 511 371 537; x_wconf 85' lang='lat' dir='ltr'>Taciti</span> <span class='ocrx_word' id='word_1_25' title='bbox 394 510 523 544; x_wconf 79' lang='lat' dir='ltr'>operibus</span> <span class='ocrx_word' id='word_1_26' title='bbox 546 509 727 535; x_wconf 79' lang='lat' dir='ltr'>nobilissimis</span> <span class='ocrx_word' id='word_1_27' title='bbox 751 509 825 535; x_wconf 80' lang='lat' dir='ltr'>tristi</span> <span class='ocrx_word' id='word_1_28' title='bbox 849 509 922 534; x_wconf 86' lang='lat' dir='ltr'>sorte</span> <span class='ocrx_word' id='word_1_29' title='bbox 947 507 1058 541; x_wconf 86' lang='lat' dir='ltr'>obtigit,</span> <span class='ocrx_word' id='word_1_30' title='bbox 1082 508 1114 532; x_wconf 91' lang='lat' dir='ltr'>ut</span> <span class='ocrx_word' id='word_1_31' title='bbox 1137 508 1165 533; x_wconf 86' lang='lat' dir='ltr'>et</span> <span class='ocrx_word' id='word_1_32' title='bbox 1191 514 1292 541; x_wconf 80' lang='lat' dir='ltr'>magna</span> <span class='ocrx_word' id='word_1_33' title='bbox 1315 514 1381 540; x_wconf 87' lang='lat' dir='ltr'>pars</span> <span class='ocrx_word' id='word_1_34' title='bbox 1404 507 1498 532; x_wconf 85' lang='lat' dir='ltr'>media</span> <span class='ocrx_word' id='word_1_35' title='bbox 1522 515 1593 540; x_wconf 89' lang='lat' dir='ltr'>quae</span> <span class='ocrx_word' id='word_1_36' title='bbox 1617 508 1731 533; x_wconf 82' lang='lat' dir='ltr'>vocatur</span> <span class='ocrx_word' id='word_1_37' title='bbox 1750 508 1843 533; x_wconf 87' lang='lat' dir='ltr'>aetate</span> <span class='ocrx_word' id='word_1_38' title='bbox 1862 507 1974 533; x_wconf 87' lang='lat' dir='ltr'>omnino</span> 
     </span>
     <span class='ocr_line' id='line_1_8' title="bbox 175 550 1974 590; baseline -0.004 -7"><span class='ocrx_word' id='word_1_39' title='bbox 175 557 301 584; x_wconf 82' lang='lat' dir='ltr'>interiret</span> <span class='ocrx_word' id='word_1_40' title='bbox 320 558 348 583; x_wconf 87' lang='lat' dir='ltr'>et</span> <span class='ocrx_word' id='word_1_41' title='bbox 366 556 488 590; x_wconf 85' lang='lat' dir='ltr'>ipsarum</span> <span class='ocrx_word' id='word_1_42' title='bbox 508 554 685 587; x_wconf 87' lang='lat' dir='ltr'>reliquiarum</span> <span class='ocrx_word' id='word_1_43' title='bbox 707 553 810 587; x_wconf 82' lang='lat' dir='ltr'>singuli</span> <span class='ocrx_word' id='word_1_44' title='bbox 836 553 900 578; x_wconf 86' lang='lat' dir='ltr'>libri</span> <span class='ocrx_word' id='word_1_45' title='bbox 924 561 1007 578; x_wconf 85' lang='lat' dir='ltr'>manu</span> <span class='ocrx_word' id='word_1_46' title='bbox 1031 550 1128 584; x_wconf 84' lang='lat' dir='ltr'>scripti</span> <span class='ocrx_word' id='word_1_47' title='bbox 1151 550 1361 577; x_wconf 71' lang='lat' dir='ltr'>renascentibus</span> <span class='ocrx_word' id='word_1_48' title='bbox 1385 551 1487 577; x_wconf 83' lang='lat' dir='ltr'>litteris</span> <span class='ocrx_word' id='word_1_49' title='bbox 1511 552 1694 585; x_wconf 84' lang='lat' dir='ltr'>superessent.</span> <span class='ocrx_word' id='word_1_50' title='bbox 1733 550 1809 582; x_wconf 85' lang='lat' dir='ltr'>Quae</span> <span class='ocrx_word' id='word_1_51' title='bbox 1829 551 1974 577; x_wconf 84' lang='lat' dir='ltr'>calamitas</span> 
     </span>
     <span class='ocr_line' id='line_1_9' title="bbox 176 595 1973 632; baseline -0.003 -5"><span class='ocrx_word' id='word_1_52' title='bbox 176 603 260 628; x_wconf 84' lang='lat' dir='ltr'>etiam</span> <span class='ocrx_word' id='word_1_53' title='bbox 284 602 366 627; x_wconf 79' lang='lat' dir='ltr'>aucta</span> <span class='ocrx_word' id='word_1_54' title='bbox 390 601 440 630; x_wconf 76' lang='lat' dir='ltr'>est,</span> <span class='ocrx_word' id='word_1_55' title='bbox 463 599 536 632; x_wconf 83' lang='lat' dir='ltr'>quod</span> <span class='ocrx_word' id='word_1_56' title='bbox 560 608 630 624; x_wconf 88' lang='lat' dir='ltr'>unus</span> <span class='ocrx_word' id='word_1_57' title='bbox 654 598 702 625; x_wconf 88' lang='lat' dir='ltr'>ille</span> <span class='ocrx_word' id='word_1_58' title='bbox 725 598 796 624; x_wconf 90' lang='lat' dir='ltr'>liber</span> <span class='ocrx_word' id='word_1_59' title='bbox 819 606 903 623; x_wconf 87' lang='lat' dir='ltr'>manu</span> <span class='ocrx_word' id='word_1_60' title='bbox 927 597 1055 630; x_wconf 83' lang='lat' dir='ltr'>scriptus,</span> <span class='ocrx_word' id='word_1_61' title='bbox 1079 604 1133 629; x_wconf 86' lang='lat' dir='ltr'>quo</span> <span class='ocrx_word' id='word_1_62' title='bbox 1158 596 1262 630; x_wconf 81' lang='lat' dir='ltr'>scripta</span> <span class='ocrx_word' id='word_1_63' title='bbox 1281 596 1397 628; x_wconf 87' lang='lat' dir='ltr'>minora,</span> <span class='ocrx_word' id='word_1_64' title='bbox 1417 595 1554 630; x_wconf 81' lang='lat' dir='ltr'>dialogus,</span> <span class='ocrx_word' id='word_1_65' title='bbox 1574 595 1713 629; x_wconf 77' lang='lat' dir='ltr'>Agricola,</span> <span class='ocrx_word' id='word_1_66' title='bbox 1733 595 1891 628; x_wconf 80' lang='lat' dir='ltr'>Germania,</span> <span class='ocrx_word' id='word_1_67' title='bbox 1911 604 1973 622; x_wconf 86' lang='lat' dir='ltr'>con-</span> 
     </span>
     <span class='ocr_line' id='line_1_10' title="bbox 175 640 1976 676; baseline -0.003 -4"><span class='ocrx_word' id='word_1_68' title='bbox 175 647 343 676; x_wconf 81' lang='lat' dir='ltr'>tinebantur,</span> <span class='ocrx_word' id='word_1_69' title='bbox 364 654 425 670; x_wconf 85' lang='lat' dir='ltr'>cum</span> <span class='ocrx_word' id='word_1_70' title='bbox 448 644 539 669; x_wconf 85' lang='lat' dir='ltr'>medio</span> <span class='ocrx_word' id='word_1_71' title='bbox 563 643 619 669; x_wconf 86' lang='lat' dir='ltr'>fere</span> <span class='ocrx_word' id='word_1_72' title='bbox 644 642 754 669; x_wconf 85' lang='lat' dir='ltr'>saeculo</span> <span class='ocrx_word' id='word_1_73' title='bbox 778 652 812 668; x_wconf 76' lang='lat' dir='ltr'>xv</span> <span class='ocrx_word' id='word_1_74' title='bbox 837 650 919 676; x_wconf 83' lang='lat' dir='ltr'>aegre</span> <span class='ocrx_word' id='word_1_75' title='bbox 943 649 975 667; x_wconf 79' lang='lat' dir='ltr'>ex</span> <span class='ocrx_word' id='word_1_76' title='bbox 995 641 1117 667; x_wconf 85' lang='lat' dir='ltr'>tenebris</span> <span class='ocrx_word' id='word_1_77' title='bbox 1136 640 1324 667; x_wconf 81' lang='lat' dir='ltr'>bibliothecae</span> <span class='ocrx_word' id='word_1_78' title='bbox 1343 640 1525 667; x_wconf 80' lang='lat' dir='ltr'>Germanicae</span> <span class='ocrx_word' id='word_1_79' title='bbox 1544 641 1702 674; x_wconf 82' lang='lat' dir='ltr'>protractus</span> <span class='ocrx_word' id='word_1_80' title='bbox 1717 641 1797 672; x_wconf 82' lang='lat' dir='ltr'>esset,</span> <span class='ocrx_word' id='word_1_81' title='bbox 1813 640 1896 674; x_wconf 87' lang='lat' dir='ltr'>paulo</span> <span class='ocrx_word' id='word_1_82' title='bbox 1911 641 1976 674; x_wconf 88' lang='lat' dir='ltr'>post</span> 
     </span>
     <span class='ocr_line' id='line_1_11' title="bbox 176 685 1975 720; baseline -0.003 -4"><span class='ocrx_word' id='word_1_83' title='bbox 176 691 265 716; x_wconf 88' lang='lat' dir='ltr'>denuo</span> <span class='ocrx_word' id='word_1_84' title='bbox 290 689 414 715; x_wconf 84' lang='lat' dir='ltr'>sublatus</span> <span class='ocrx_word' id='word_1_85' title='bbox 439 689 488 720; x_wconf 84' lang='lat' dir='ltr'>est,</span> <span class='ocrx_word' id='word_1_86' title='bbox 513 689 544 713; x_wconf 92' lang='lat' dir='ltr'>ut</span> <span class='ocrx_word' id='word_1_87' title='bbox 566 688 594 712; x_wconf 91' lang='lat' dir='ltr'>in</span> <span class='ocrx_word' id='word_1_88' title='bbox 618 687 661 713; x_wconf 87' lang='lat' dir='ltr'>his</span> <span class='ocrx_word' id='word_1_89' title='bbox 686 687 796 720; x_wconf 79' lang='lat' dir='ltr'>scriptis</span> <span class='ocrx_word' id='word_1_90' title='bbox 818 695 863 712; x_wconf 78' lang='lat' dir='ltr'>ars</span> <span class='ocrx_word' id='word_1_91' title='bbox 886 686 983 712; x_wconf 88' lang='lat' dir='ltr'>critica</span> <span class='ocrx_word' id='word_1_92' title='bbox 1006 685 1103 719; x_wconf 88' lang='lat' dir='ltr'>paucis</span> <span class='ocrx_word' id='word_1_93' title='bbox 1127 685 1207 711; x_wconf 90' lang='lat' dir='ltr'>libris</span> <span class='ocrx_word' id='word_1_94' title='bbox 1232 685 1327 718; x_wconf 89' lang='lat' dir='ltr'>eisque</span> <span class='ocrx_word' id='word_1_95' title='bbox 1350 685 1507 711; x_wconf 76' lang='lat' dir='ltr'>recentibus</span> <span class='ocrx_word' id='word_1_96' title='bbox 1531 685 1673 711; x_wconf 71' lang='lat' dir='ltr'>niteretur.</span> <span class='ocrx_word' id='word_1_97' title='bbox 1711 685 1805 718; x_wconf 89' lang='lat' dir='ltr'>Atque</span> <span class='ocrx_word' id='word_1_98' title='bbox 1828 685 1975 719; x_wconf 83' lang='lat' dir='ltr'>Agricolae</span> 
     </span>
     <span class='ocr_line' id='line_1_12' title="bbox 175 729 1975 768; baseline -0.003 -8"><span class='ocrx_word' id='word_1_99' title='bbox 175 735 286 768; x_wconf 85' lang='lat' dir='ltr'>quidem</span> <span class='ocrx_word' id='word_1_100' title='bbox 307 734 354 759; x_wconf 90' lang='lat' dir='ltr'>diu</span> <span class='ocrx_word' id='word_1_101' title='bbox 375 734 428 758; x_wconf 88' lang='lat' dir='ltr'>duo</span> <span class='ocrx_word' id='word_1_102' title='bbox 448 732 513 758; x_wconf 87' lang='lat' dir='ltr'>dum</span> <span class='ocrx_word' id='word_1_103' title='bbox 532 733 612 757; x_wconf 75' lang='lat' dir='ltr'>taxat</span> <span class='ocrx_word' id='word_1_104' title='bbox 630 731 694 757; x_wconf 80' lang='lat' dir='ltr'>libri</span> <span class='ocrx_word' id='word_1_105' title='bbox 714 731 817 757; x_wconf 88' lang='lat' dir='ltr'>saeculi</span> <span class='ocrx_word' id='word_1_106' title='bbox 837 740 871 756; x_wconf 78' lang='lat' dir='ltr'>xv</span> <span class='ocrx_word' id='word_1_107' title='bbox 895 730 953 756; x_wconf 88' lang='lat' dir='ltr'>noti</span> <span class='ocrx_word' id='word_1_108' title='bbox 978 729 1091 755; x_wconf 86' lang='lat' dir='ltr'>fuerunt</span> <span class='ocrx_word' id='word_1_109' title='bbox 1110 729 1213 756; x_wconf 85' lang='lat' dir='ltr'>Romae</span> <span class='ocrx_word' id='word_1_110' title='bbox 1237 730 1266 755; x_wconf 91' lang='lat' dir='ltr'>in</span> <span class='ocrx_word' id='word_1_111' title='bbox 1290 729 1462 756; x_wconf 71' lang='lat' dir='ltr'>bibliotheca</span> <span class='ocrx_word' id='word_1_112' title='bbox 1480 729 1619 755; x_wconf 84' lang='lat' dir='ltr'>Vaticana</span> <span class='ocrx_word' id='word_1_113' title='bbox 1638 729 1749 761; x_wconf 78' lang='lat' dir='ltr'>servati,</span> <span class='ocrx_word' id='word_1_114' title='bbox 1768 737 1885 762; x_wconf 87' lang='lat' dir='ltr'>quorum</span> <span class='ocrx_word' id='word_1_115' title='bbox 1904 729 1975 755; x_wconf 86' lang='lat' dir='ltr'>alter</span> 
     </span>
     <span class='ocr_line' id='line_1_13' title="bbox 175 773 1974 812; baseline -0.003 -8"><span class='ocrx_word' id='word_1_116' title='bbox 175 788 191 804; x_wconf 91' lang='lat' dir='ltr'>a</span> <span class='ocrx_word' id='word_1_117' title='bbox 210 778 361 812; x_wconf 86' lang='lat' dir='ltr'>Pomponio</span> <span class='ocrx_word' id='word_1_118' title='bbox 382 778 466 803; x_wconf 82' lang='lat' dir='ltr'>Laeto</span> <span class='ocrx_word' id='word_1_119' title='bbox 486 776 605 810; x_wconf 87' lang='lat' dir='ltr'>scriptus</span> <span class='ocrx_word' id='word_1_120' title='bbox 630 784 743 801; x_wconf 89' lang='lat' dir='ltr'>numero</span> <span class='ocrx_word' id='word_1_121' title='bbox 764 778 841 808; x_wconf 73' lang='lat'>3429,</span> <span class='ocrx_word' id='word_1_122' title='bbox 865 775 937 801; x_wconf 86' lang='lat' dir='ltr'>alter</span> <span class='ocrx_word' id='word_1_123' title='bbox 960 783 1073 800; x_wconf 87' lang='lat' dir='ltr'>numero</span> <span class='ocrx_word' id='word_1_124' title='bbox 1094 777 1161 800; x_wconf 78' lang='lat'>4498</span> <span class='ocrx_word' id='word_1_125' title='bbox 1182 773 1332 807; x_wconf 85' lang='lat' dir='ltr'>insignitus</span> <span class='ocrx_word' id='word_1_126' title='bbox 1353 775 1402 800; x_wconf 89' lang='lat' dir='ltr'>est.</span> <span class='ocrx_word' id='word_1_127' title='bbox 1441 773 1531 805; x_wconf 83' lang='lat' dir='ltr'>Quare</span> <span class='ocrx_word' id='word_1_128' title='bbox 1555 773 1749 807; x_wconf 83' lang='lat' dir='ltr'>percommode</span> <span class='ocrx_word' id='word_1_129' title='bbox 1770 773 1881 804; x_wconf 83' lang='lat' dir='ltr'>accidit,</span> <span class='ocrx_word' id='word_1_130' title='bbox 1901 773 1974 806; x_wconf 88' lang='lat' dir='ltr'>quod</span> 
     </span>
     <span class='ocr_line' id='line_1_14' title="bbox 174 817 1975 852; baseline -0.003 -4"><span class='ocrx_word' id='word_1_131' title='bbox 174 823 308 849; x_wconf 83' lang='lat' dir='ltr'>Ricardus</span> <span class='ocrx_word' id='word_1_132' title='bbox 328 821 511 847; x_wconf 89' lang='lat' dir='ltr'>Wuenschius</span> <span class='ocrx_word' id='word_1_133' title='bbox 531 829 603 846; x_wconf 87' lang='lat' dir='ltr'>anno</span> <span class='ocrx_word' id='word_1_134' title='bbox 624 823 690 846; x_wconf 72' lang='lat'>1396</span> <span class='ocrx_word' id='word_1_135' title='bbox 711 820 801 846; x_wconf 86' lang='lat' dir='ltr'>Toleti</span> <span class='ocrx_word' id='word_1_136' title='bbox 821 820 849 845; x_wconf 86' lang='lat' dir='ltr'>in</span> <span class='ocrx_word' id='word_1_137' title='bbox 868 819 1041 845; x_wconf 80' lang='lat' dir='ltr'>bibliotheca</span> <span class='ocrx_word' id='word_1_138' title='bbox 1060 818 1293 852; x_wconf 87' lang='lat' dir='ltr'>archiepiscopali</span> <span class='ocrx_word' id='word_1_139' title='bbox 1308 819 1421 844; x_wconf 87' lang='lat' dir='ltr'>tertium</span> <span class='ocrx_word' id='word_1_140' title='bbox 1437 818 1560 845; x_wconf 83' lang='lat' dir='ltr'>codicem</span> <span class='ocrx_word' id='word_1_141' title='bbox 1574 818 1687 844; x_wconf 85' lang='lat' dir='ltr'>invenit.</span> <span class='ocrx_word' id='word_1_142' title='bbox 1717 818 1770 844; x_wconf 86' lang='lat' dir='ltr'>Sed</span> <span class='ocrx_word' id='word_1_143' title='bbox 1784 818 1858 844; x_wconf 87' lang='lat' dir='ltr'>hunc</span> <span class='ocrx_word' id='word_1_144' title='bbox 1873 817 1975 844; x_wconf 90' lang='lat' dir='ltr'>librum</span> 
     </span>
     <span class='ocr_line' id='line_1_15' title="bbox 175 861 1975 899; baseline -0.003 -6"><span class='ocrx_word' id='word_1_145' title='bbox 175 868 297 893; x_wconf 82' lang='lat' dir='ltr'>conferre</span> <span class='ocrx_word' id='word_1_146' title='bbox 321 876 383 893; x_wconf 88' lang='lat' dir='ltr'>cum</span> <span class='ocrx_word' id='word_1_147' title='bbox 403 866 428 892; x_wconf 89' lang='lat' dir='ltr'>ei</span> <span class='ocrx_word' id='word_1_148' title='bbox 448 866 481 891; x_wconf 87' lang='lat' dir='ltr'>ab</span> <span class='ocrx_word' id='word_1_149' title='bbox 502 866 632 899; x_wconf 86' lang='lat' dir='ltr'>episcopo</span> <span class='ocrx_word' id='word_1_150' title='bbox 653 865 787 891; x_wconf 82' lang='lat' dir='ltr'>Toletano</span> <span class='ocrx_word' id='word_1_151' title='bbox 807 873 861 890; x_wconf 91' lang='lat' dir='ltr'>non</span> <span class='ocrx_word' id='word_1_152' title='bbox 881 864 1096 897; x_wconf 76' lang='lat' dir='ltr'>permitteretur,</span> <span class='ocrx_word' id='word_1_153' title='bbox 1116 863 1222 889; x_wconf 88' lang='lat' dir='ltr'>factum</span> <span class='ocrx_word' id='word_1_154' title='bbox 1238 864 1288 895; x_wconf 85' lang='lat' dir='ltr'>est,</span> <span class='ocrx_word' id='word_1_155' title='bbox 1304 865 1335 889; x_wconf 86' lang='lat' dir='ltr'>ut</span> <span class='ocrx_word' id='word_1_156' title='bbox 1354 863 1465 889; x_wconf 87' lang='lat' dir='ltr'>demum</span> <span class='ocrx_word' id='word_1_157' title='bbox 1485 871 1557 889; x_wconf 87' lang='lat' dir='ltr'>anno</span> <span class='ocrx_word' id='word_1_158' title='bbox 1579 865 1645 889; x_wconf 76' lang='lat'>1900</span> <span class='ocrx_word' id='word_1_159' title='bbox 1662 862 1692 889; x_wconf 90' lang='lat' dir='ltr'>O.</span> <span class='ocrx_word' id='word_1_160' title='bbox 1707 863 1796 889; x_wconf 85' lang='lat' dir='ltr'>Lenze</span> <span class='ocrx_word' id='word_1_161' title='bbox 1811 871 1874 888; x_wconf 87' lang='lat' dir='ltr'>eum</span> <span class='ocrx_word' id='word_1_162' title='bbox 1889 861 1975 896; x_wconf 87' lang='lat' dir='ltr'>inspi-</span> 
     </span>
     <span class='ocr_line' id='line_1_16' title="bbox 175 906 1975 944; baseline -0.003 -6"><span class='ocrx_word' id='word_1_163' title='bbox 175 914 248 938; x_wconf 85' lang='lat' dir='ltr'>ceret</span> <span class='ocrx_word' id='word_1_164' title='bbox 271 911 384 944; x_wconf 86' lang='lat' dir='ltr'>eiusque</span> <span class='ocrx_word' id='word_1_165' title='bbox 412 911 544 936; x_wconf 87' lang='lat' dir='ltr'>lectiones</span> <span class='ocrx_word' id='word_1_166' title='bbox 570 910 654 943; x_wconf 90' lang='lat' dir='ltr'>paulo</span> <span class='ocrx_word' id='word_1_167' title='bbox 682 912 745 943; x_wconf 83' lang='lat' dir='ltr'>post</span> <span class='ocrx_word' id='word_1_168' title='bbox 771 917 854 942; x_wconf 89' lang='lat' dir='ltr'>quam</span> <span class='ocrx_word' id='word_1_169' title='bbox 883 908 1098 943; x_wconf 83' lang='lat' dir='ltr'>diligentissime</span> <span class='ocrx_word' id='word_1_170' title='bbox 1124 908 1231 942; x_wconf 86' lang='lat' dir='ltr'>publici</span> <span class='ocrx_word' id='word_1_171' title='bbox 1258 908 1326 934; x_wconf 91' lang='lat' dir='ltr'>iuris</span> <span class='ocrx_word' id='word_1_172' title='bbox 1350 909 1455 934; x_wconf 81' lang='lat' dir='ltr'>faceret</span> <span class='ocrx_word' id='word_1_173' title='bbox 1478 907 1588 940; x_wconf 87' lang='lat' dir='ltr'>(Philol.</span> <span class='ocrx_word' id='word_1_174' title='bbox 1609 907 1704 941; x_wconf 85' lang='lat' dir='ltr'>Suppl.</span> <span class='ocrx_word' id='word_1_175' title='bbox 1723 917 1773 933; x_wconf 85' lang='lat' dir='ltr'>vm</span> <span class='ocrx_word' id='word_1_176' title='bbox 1796 916 1821 941; x_wconf 88' lang='lat' dir='ltr'>p.</span> <span class='ocrx_word' id='word_1_177' title='bbox 1843 908 1912 940; x_wconf 86' lang='lat'>513).</span> <span class='ocrx_word' id='word_1_178' title='bbox 1949 906 1975 932; x_wconf 88' lang='lat' dir='ltr'>Is</span> 
     </span>
     <span class='ocr_line' id='line_1_17' title="bbox 174 950 1975 990; baseline -0.002 -9"><span class='ocrx_word' id='word_1_179' title='bbox 174 957 260 990; x_wconf 87' lang='lat' dir='ltr'>igitur</span> <span class='ocrx_word' id='word_1_180' title='bbox 279 956 364 981; x_wconf 85' lang='lat' dir='ltr'>codex</span> <span class='ocrx_word' id='word_1_181' title='bbox 384 955 411 980; x_wconf 91' lang='lat' dir='ltr'>in</span> <span class='ocrx_word' id='word_1_182' title='bbox 432 954 558 988; x_wconf 88' lang='lat' dir='ltr'>catalogo</span> <span class='ocrx_word' id='word_1_183' title='bbox 579 963 691 980; x_wconf 88' lang='lat' dir='ltr'>numero</span> <span class='ocrx_word' id='word_1_184' title='bbox 711 956 754 984; x_wconf 75' lang='lat'>49,</span> <span class='ocrx_word' id='word_1_185' title='bbox 770 957 784 979; x_wconf 82' lang='lat'>2</span> <span class='ocrx_word' id='word_1_186' title='bbox 813 955 926 979; x_wconf 86' lang='lat' dir='ltr'>notatus</span> <span class='ocrx_word' id='word_1_187' title='bbox 950 953 1061 979; x_wconf 87' lang='lat' dir='ltr'>saeculo</span> <span class='ocrx_word' id='word_1_188' title='bbox 1086 963 1120 978; x_wconf 79' lang='lat' dir='ltr'>xv</span> <span class='ocrx_word' id='word_1_189' title='bbox 1144 953 1267 987; x_wconf 88' lang='lat' dir='ltr'>Fulginii</span> <span class='ocrx_word' id='word_1_190' title='bbox 1291 953 1411 986; x_wconf 85' lang='lat' dir='ltr'>scriptus</span> <span class='ocrx_word' id='word_1_191' title='bbox 1436 954 1478 978; x_wconf 90' lang='lat' dir='ltr'>est</span> <span class='ocrx_word' id='word_1_192' title='bbox 1501 960 1518 977; x_wconf 90' lang='lat' dir='ltr'>a</span> <span class='ocrx_word' id='word_1_193' title='bbox 1537 952 1675 978; x_wconf 87' lang='lat' dir='ltr'>Michaele</span> <span class='ocrx_word' id='word_1_194' title='bbox 1693 951 1801 986; x_wconf 87' lang='lat' dir='ltr'>Angelo</span> <span class='ocrx_word' id='word_1_195' title='bbox 1821 951 1912 978; x_wconf 88' lang='lat' dir='ltr'>Crullo</span> <span class='ocrx_word' id='word_1_196' title='bbox 1931 950 1975 977; x_wconf 89' lang='lat' dir='ltr'>vel</span> 
     </span>
     <span class='ocr_line' id='line_1_18' title="bbox 175 988 1975 1032; baseline -0.002 -6"><span class='ocrx_word' id='word_1_197' title='bbox 175 1000 272 1026; x_wconf 86' lang='lat' dir='ltr'>Grillo:</span> <span class='ocrx_word' id='word_1_198' title='bbox 293 1008 357 1025; x_wconf 88' lang='lat' dir='ltr'>nam</span> <span class='ocrx_word' id='word_1_199' title='bbox 376 999 539 1025; x_wconf 86' lang='lat' dir='ltr'>Michaelem</span> <span class='ocrx_word' id='word_1_200' title='bbox 559 998 697 1032; x_wconf 82' lang='lat' dir='ltr'>Angelum</span> <span class='ocrx_word' id='word_1_201' title='bbox 717 998 835 1024; x_wconf 88' lang='lat' dir='ltr'>Grillum</span> <span class='ocrx_word' id='word_1_202' title='bbox 854 1000 921 1024; x_wconf 87' lang='lat' dir='ltr'>tunc</span> <span class='ocrx_word' id='word_1_203' title='bbox 941 998 1065 1032; x_wconf 82' lang='lat' dir='ltr'>Fulginii</span> <span class='ocrx_word' id='word_1_204' title='bbox 1084 1005 1197 1023; x_wconf 89' lang='lat' dir='ltr'>munere</span> <span class='ocrx_word' id='word_1_205' title='bbox 1217 997 1324 1024; x_wconf 88' lang='lat' dir='ltr'>scribae</span> <span class='ocrx_word' id='word_1_206' title='bbox 1344 997 1450 1031; x_wconf 91' lang='lat' dir='ltr'>publici</span> <span class='ocrx_word' id='word_1_207' title='bbox 1470 997 1597 1023; x_wconf 84' lang='lat' dir='ltr'>functum</span> <span class='ocrx_word' id='word_1_208' title='bbox 1617 1005 1676 1023; x_wconf 85' lang='lat' dir='ltr'>esse</span> <span class='ocrx_word' id='word_1_209' title='bbox 1695 988 1792 1023; x_wconf 75' lang='lat' dir='ltr'>multis</span> <span class='ocrx_word' id='word_1_210' title='bbox 1807 995 1975 1022; x_wconf 78' lang='lat' dir='ltr'>testimoniis</span> 
     </span>
     <span class='ocr_line' id='line_1_19' title="bbox 175 1040 1976 1078; baseline -0.002 -8"><span class='ocrx_word' id='word_1_211' title='bbox 175 1044 374 1078; x_wconf 83' lang='lat' dir='ltr'>comprobatur.</span> <span class='ocrx_word' id='word_1_212' title='bbox 409 1044 461 1075; x_wconf 85' lang='lat' dir='ltr'>Qui</span> <span class='ocrx_word' id='word_1_213' title='bbox 486 1052 539 1076; x_wconf 89' lang='lat' dir='ltr'>quo</span> <span class='ocrx_word' id='word_1_214' title='bbox 564 1052 635 1069; x_wconf 88' lang='lat' dir='ltr'>anno</span> <span class='ocrx_word' id='word_1_215' title='bbox 660 1043 761 1068; x_wconf 89' lang='lat' dir='ltr'>librum</span> <span class='ocrx_word' id='word_1_216' title='bbox 786 1043 972 1076; x_wconf 82' lang='lat' dir='ltr'>descripserit,</span> <span class='ocrx_word' id='word_1_217' title='bbox 1000 1052 1050 1076; x_wconf 90' lang='lat' dir='ltr'>pro</span> <span class='ocrx_word' id='word_1_218' title='bbox 1076 1044 1151 1069; x_wconf 85' lang='lat' dir='ltr'>certo</span> <span class='ocrx_word' id='word_1_219' title='bbox 1180 1042 1322 1068; x_wconf 84' lang='lat' dir='ltr'>adfirmari</span> <span class='ocrx_word' id='word_1_220' title='bbox 1346 1051 1401 1068; x_wconf 89' lang='lat' dir='ltr'>non</span> <span class='ocrx_word' id='word_1_221' title='bbox 1429 1043 1530 1075; x_wconf 86' lang='lat' dir='ltr'>potest,</span> <span class='ocrx_word' id='word_1_222' title='bbox 1559 1049 1622 1067; x_wconf 88' lang='lat' dir='ltr'>cum</span> <span class='ocrx_word' id='word_1_223' title='bbox 1650 1040 1797 1075; x_wconf 86' lang='lat' dir='ltr'>Agricolae</span> <span class='ocrx_word' id='word_1_224' title='bbox 1825 1041 1884 1066; x_wconf 87' lang='lat' dir='ltr'>vita</span> <span class='ocrx_word' id='word_1_225' title='bbox 1912 1040 1976 1066; x_wconf 89' lang='lat' dir='ltr'>sub-</span> 
     </span>
     <span class='ocr_line' id='line_1_20' title="bbox 175 1086 1977 1123; baseline -0.002 -9"><span class='ocrx_word' id='word_1_226' title='bbox 175 1089 323 1123; x_wconf 86' lang='lat' dir='ltr'>scriptione</span> <span class='ocrx_word' id='word_1_227' title='bbox 344 1089 448 1114; x_wconf 84' lang='lat' dir='ltr'>careat:</span> <span class='ocrx_word' id='word_1_228' title='bbox 468 1088 515 1113; x_wconf 92' lang='lat' dir='ltr'>sed</span> <span class='ocrx_word' id='word_1_229' title='bbox 535 1087 630 1113; x_wconf 86' lang='lat' dir='ltr'>libello</span> <span class='ocrx_word' id='word_1_230' title='bbox 652 1088 685 1113; x_wconf 90' lang='lat' dir='ltr'>de</span> <span class='ocrx_word' id='word_1_231' title='bbox 700 1087 857 1119; x_wconf 82' lang='lat' dir='ltr'>Germania,</span> <span class='ocrx_word' id='word_1_232' title='bbox 877 1087 924 1120; x_wconf 85' lang='lat' dir='ltr'>qui</span> <span class='ocrx_word' id='word_1_233' title='bbox 944 1087 1096 1121; x_wconf 84' lang='lat' dir='ltr'>praecedit,</span> <span class='ocrx_word' id='word_1_234' title='bbox 1116 1086 1303 1120; x_wconf 79' lang='lat' dir='ltr'>subscriptum</span> <span class='ocrx_word' id='word_1_235' title='bbox 1323 1088 1376 1113; x_wconf 85' lang='lat' dir='ltr'>cst:</span> <span class='ocrx_word' id='word_1_236' title='bbox 1397 1088 1485 1116; x_wconf 80' lang='grc' dir='ltr'><em>τελως.</em></span> <span class='ocrx_word' id='word_1_237' title='bbox 1518 1087 1649 1121; x_wconf 71' lang='lat' dir='ltr'>Fulyz&#39;nii</span> <span class='ocrx_word' id='word_1_238' title='bbox 1666 1087 1796 1120; x_wconf 78' lang='lat' dir='ltr'>scriptum</span> <span class='ocrx_word' id='word_1_239' title='bbox 1814 1088 1919 1120; x_wconf 63' lang='lat' dir='ltr'>gerente</span> <span class='ocrx_word' id='word_1_240' title='bbox 1937 1094 1977 1111; x_wconf 82' lang='lat' dir='ltr'>mc</span> 
     </span>
     <span class='ocr_line' id='line_1_21' title="bbox 174 1130 1976 1168; baseline -0.002 -8"><span class='ocrx_word' id='word_1_241' title='bbox 174 1135 362 1168; x_wconf 68' lang='lat' dir='ltr'>nzayz&#39;stmtum</span> <span class='ocrx_word' id='word_1_242' title='bbox 377 1141 426 1166; x_wconf 72' lang='lat' dir='ltr'>pu.</span> <span class='ocrx_word' id='word_1_243' title='bbox 445 1133 548 1159; x_wconf 71' lang='lat' dir='ltr'>scribae</span> <span class='ocrx_word' id='word_1_244' title='bbox 569 1133 624 1159; x_wconf 74' lang='lat' dir='ltr'>Cal.</span> <span class='ocrx_word' id='word_1_245' title='bbox 642 1133 703 1158; x_wconf 80' lang='lat' dir='ltr'>Iun.</span> <span class='ocrx_word' id='word_1_246' title='bbox 720 1135 791 1158; x_wconf 78' lang='grc'><em>1474</em></span> <span class='ocrx_word' id='word_1_247' title='bbox 806 1132 860 1165; x_wconf 79' lang='lat' dir='ltr'>(vel</span> <span class='ocrx_word' id='word_1_248' title='bbox 880 1134 957 1165; x_wconf 75' lang='lat'><strong><em>1471,</em></strong></span> <span class='ocrx_word' id='word_1_249' title='bbox 969 1134 1012 1163; x_wconf 32' lang='lat' dir='ltr'>,ut</span> <span class='ocrx_word' id='word_1_250' title='bbox 1032 1132 1217 1158; x_wconf 89' lang='lat' dir='ltr'>Wuenschius</span> <span class='ocrx_word' id='word_1_251' title='bbox 1241 1131 1385 1165; x_wconf 77' lang='lat' dir='ltr'>enotavit),</span> <span class='ocrx_word' id='word_1_252' title='bbox 1405 1133 1433 1158; x_wconf 83' lang='lat' dir='ltr'>et</span> <span class='ocrx_word' id='word_1_253' title='bbox 1452 1131 1568 1157; x_wconf 84' lang='lat' dir='ltr'>Antonii</span> <span class='ocrx_word' id='word_1_254' title='bbox 1591 1131 1726 1164; x_wconf 85' lang='lat' dir='ltr'>Campani</span> <span class='ocrx_word' id='word_1_255' title='bbox 1750 1130 1867 1156; x_wconf 86' lang='lat' dir='ltr'>oratoris</span> <span class='ocrx_word' id='word_1_256' title='bbox 1891 1131 1976 1163; x_wconf 84' lang='lat' dir='ltr'>atque</span> 
     </span>
     <span class='ocr_line' id='line_1_22' title="bbox 174 1175 1977 1212; baseline -0.002 -8"><span class='ocrx_word' id='word_1_257' title='bbox 174 1180 271 1212; x_wconf 83' lang='lat' dir='ltr'>poetae</span> <span class='ocrx_word' id='word_1_258' title='bbox 300 1177 471 1204; x_wconf 83' lang='lat' dir='ltr'>celeberrimi</span> <span class='ocrx_word' id='word_1_259' title='bbox 500 1177 588 1203; x_wconf 84' lang='lat' dir='ltr'>oratio</span> <span class='ocrx_word' id='word_1_260' title='bbox 615 1177 648 1202; x_wconf 89' lang='lat' dir='ltr'>de</span> <span class='ocrx_word' id='word_1_261' title='bbox 678 1176 808 1202; x_wconf 79' lang='lat' dir='ltr'>laudibus</span> <span class='ocrx_word' id='word_1_262' title='bbox 836 1177 979 1209; x_wconf 75' lang='lat' dir='ltr'>scientiae,</span> <span class='ocrx_word' id='word_1_263' title='bbox 1007 1184 1078 1210; x_wconf 88' lang='lat' dir='ltr'>quae</span> <span class='ocrx_word' id='word_1_264' title='bbox 1107 1176 1241 1210; x_wconf 86' lang='lat' dir='ltr'>sequitur,</span> <span class='ocrx_word' id='word_1_265' title='bbox 1264 1176 1335 1202; x_wconf 82' lang='lat' dir='ltr'>hanc</span> <span class='ocrx_word' id='word_1_266' title='bbox 1359 1176 1593 1210; x_wconf 78' lang='lat' dir='ltr'>subscriptionem</span> <span class='ocrx_word' id='word_1_267' title='bbox 1616 1176 1714 1201; x_wconf 89' lang='lat' dir='ltr'>habet:</span> <span class='ocrx_word' id='word_1_268' title='bbox 1743 1175 1844 1209; x_wconf 77' lang='lat' dir='ltr'>scripta</span> <span class='ocrx_word' id='word_1_269' title='bbox 1864 1183 1915 1209; x_wconf 80' lang='lat' dir='ltr'>per</span> <span class='ocrx_word' id='word_1_270' title='bbox 1937 1183 1977 1201; x_wconf 77' lang='lat' dir='ltr'>mc</span> 
     </span>
     <span class='ocr_line' id='line_1_23' title="bbox 177 1219 1976 1257; baseline -0.002 -8"><span class='ocrx_word' id='word_1_271' title='bbox 177 1224 216 1249; x_wconf 75' lang='lat' dir='ltr'>M.</span> <span class='ocrx_word' id='word_1_272' title='bbox 232 1223 365 1257; x_wconf 62' lang='lat' dir='ltr'>Angelum</span> <span class='ocrx_word' id='word_1_273' title='bbox 390 1222 510 1248; x_wconf 66' lang='lat' dir='ltr'>Granum</span> <span class='ocrx_word' id='word_1_274' title='bbox 534 1222 712 1248; x_wconf 73' lang='lat' dir='ltr'>Tudertinum</span> <span class='ocrx_word' id='word_1_275' title='bbox 732 1222 862 1256; x_wconf 63' lang='lat' dir='ltr'>Fulginii</span> <span class='ocrx_word' id='word_1_276' title='bbox 876 1230 925 1255; x_wconf 71' lang='lat' dir='ltr'>pet.</span> <span class='ocrx_word' id='word_1_277' title='bbox 940 1222 1054 1248; x_wconf 83' lang='lat' dir='ltr'>scribam</span> <span class='ocrx_word' id='word_1_278' title='bbox 1077 1230 1138 1248; x_wconf 76' lang='lat' dir='ltr'>non.</span> <span class='ocrx_word' id='word_1_279' title='bbox 1158 1222 1296 1248; x_wconf 79' lang='lat' dir='ltr'>Decembr.</span> <span class='ocrx_word' id='word_1_280' title='bbox 1318 1223 1396 1253; x_wconf 71' lang='lat'>1471,</span> <span class='ocrx_word' id='word_1_281' title='bbox 1420 1223 1452 1247; x_wconf 90' lang='lat' dir='ltr'>ut</span> <span class='ocrx_word' id='word_1_282' title='bbox 1475 1221 1550 1247; x_wconf 87' lang='lat' dir='ltr'>intra</span> <span class='ocrx_word' id='word_1_283' title='bbox 1572 1220 1622 1246; x_wconf 89' lang='lat' dir='ltr'>illa</span> <span class='ocrx_word' id='word_1_284' title='bbox 1640 1221 1767 1254; x_wconf 86' lang='lat' dir='ltr'>tempora</span> <span class='ocrx_word' id='word_1_285' title='bbox 1786 1220 1911 1246; x_wconf 85' lang='lat' dir='ltr'>codicem</span> <span class='ocrx_word' id='word_1_286' title='bbox 1930 1219 1976 1245; x_wconf 88' lang='lat' dir='ltr'>de—</span> 
     </span>
     <span class='ocr_line' id='line_1_24' title="bbox 175 1264 1976 1300; baseline -0.002 -7"><span class='ocrx_word' id='word_1_287' title='bbox 175 1268 306 1300; x_wconf 84' lang='lat' dir='ltr'>scriptum</span> <span class='ocrx_word' id='word_1_288' title='bbox 330 1275 388 1292; x_wconf 87' lang='lat' dir='ltr'>esse</span> <span class='ocrx_word' id='word_1_289' title='bbox 413 1267 553 1300; x_wconf 81' lang='lat' dir='ltr'>adpareat.</span> <span class='ocrx_word' id='word_1_290' title='bbox 592 1266 644 1291; x_wconf 86' lang='lat' dir='ltr'>Hic</span> <span class='ocrx_word' id='word_1_291' title='bbox 668 1266 738 1292; x_wconf 89' lang='lat' dir='ltr'>liber</span> <span class='ocrx_word' id='word_1_292' title='bbox 762 1274 931 1299; x_wconf 87' lang='lat' dir='ltr'>quamquam</span> <span class='ocrx_word' id='word_1_293' title='bbox 955 1267 1023 1292; x_wconf 88' lang='lat' dir='ltr'>item</span> <span class='ocrx_word' id='word_1_294' title='bbox 1047 1266 1197 1292; x_wconf 82' lang='lat' dir='ltr'>admodum</span> <span class='ocrx_word' id='word_1_295' title='bbox 1220 1274 1316 1292; x_wconf 90' lang='lat' dir='ltr'>recens</span> <span class='ocrx_word' id='word_1_296' title='bbox 1341 1268 1391 1298; x_wconf 88' lang='lat' dir='ltr'>est,</span> <span class='ocrx_word' id='word_1_297' title='bbox 1415 1267 1509 1292; x_wconf 86' lang='lat' dir='ltr'>tamen</span> <span class='ocrx_word' id='word_1_298' title='bbox 1534 1265 1609 1291; x_wconf 88' lang='lat' dir='ltr'>haud</span> <span class='ocrx_word' id='word_1_299' title='bbox 1628 1265 1724 1298; x_wconf 81' lang='lat' dir='ltr'>paucis</span> <span class='ocrx_word' id='word_1_300' title='bbox 1743 1264 1812 1290; x_wconf 89' lang='lat' dir='ltr'>locis</span> <span class='ocrx_word' id='word_1_301' title='bbox 1832 1272 1849 1290; x_wconf 83' lang='lat' dir='ltr'>a</span> <span class='ocrx_word' id='word_1_302' title='bbox 1868 1264 1976 1290; x_wconf 87' lang='lat' dir='ltr'>duobus</span> 
     </span>
     <span class='ocr_line' id='line_1_25' title="bbox 174 1308 1976 1344; baseline -0.002 -7"><span class='ocrx_word' id='word_1_303' title='bbox 174 1312 316 1338; x_wconf 78' lang='lat' dir='ltr'>Vaticanis</span> <span class='ocrx_word' id='word_1_304' title='bbox 344 1311 449 1337; x_wconf 84' lang='lat' dir='ltr'>recedit</span> <span class='ocrx_word' id='word_1_305' title='bbox 473 1319 505 1337; x_wconf 89' lang='lat' dir='ltr'>ac</span> <span class='ocrx_word' id='word_1_306' title='bbox 529 1311 639 1344; x_wconf 74' lang='lat' dir='ltr'>saepius</span> <span class='ocrx_word' id='word_1_307' title='bbox 663 1311 805 1337; x_wconf 88' lang='lat' dir='ltr'>meliorem</span> <span class='ocrx_word' id='word_1_308' title='bbox 830 1311 977 1337; x_wconf 88' lang='lat' dir='ltr'>lectionem</span> <span class='ocrx_word' id='word_1_309' title='bbox 1003 1312 1100 1336; x_wconf 85' lang='lat' dir='ltr'>servat.</span> <span class='ocrx_word' id='word_1_310' title='bbox 1140 1310 1219 1342; x_wconf 89' lang='lat' dir='ltr'>Quod</span> <span class='ocrx_word' id='word_1_311' title='bbox 1243 1319 1316 1336; x_wconf 89' lang='lat' dir='ltr'>nunc</span> <span class='ocrx_word' id='word_1_312' title='bbox 1340 1311 1425 1337; x_wconf 89' lang='lat' dir='ltr'>etiam</span> <span class='ocrx_word' id='word_1_313' title='bbox 1450 1310 1552 1336; x_wconf 86' lang='lat' dir='ltr'>certius</span> <span class='ocrx_word' id='word_1_314' title='bbox 1575 1309 1700 1343; x_wconf 91' lang='lat' dir='ltr'>profiteri</span> <span class='ocrx_word' id='word_1_315' title='bbox 1723 1317 1878 1343; x_wconf 74' lang='lat' dir='ltr'>possumne,</span> <span class='ocrx_word' id='word_1_316' title='bbox 1902 1308 1976 1342; x_wconf 90' lang='lat' dir='ltr'>quod</span> 
     </span>
     <span class='ocr_line' id='line_1_26' title="bbox 174 1352 1977 1389; baseline -0.001 -8"><span class='ocrx_word' id='word_1_317' title='bbox 174 1356 245 1382; x_wconf 90' lang='lat' dir='ltr'>bono</span> <span class='ocrx_word' id='word_1_318' title='bbox 266 1365 330 1382; x_wconf 88' lang='lat' dir='ltr'>casu</span> <span class='ocrx_word' id='word_1_319' title='bbox 349 1356 432 1389; x_wconf 88' lang='lat' dir='ltr'>paulo</span> <span class='ocrx_word' id='word_1_320' title='bbox 452 1358 515 1389; x_wconf 83' lang='lat' dir='ltr'>post</span> <span class='ocrx_word' id='word_1_321' title='bbox 535 1355 634 1381; x_wconf 85' lang='lat' dir='ltr'>Caesar</span> <span class='ocrx_word' id='word_1_322' title='bbox 650 1355 801 1381; x_wconf 82' lang='lat' dir='ltr'>Annibaldi</span> <span class='ocrx_word' id='word_1_323' title='bbox 821 1356 894 1387; x_wconf 82' lang='lat' dir='ltr'>Aesi,</span> <span class='ocrx_word' id='word_1_324' title='bbox 914 1355 942 1381; x_wconf 86' lang='lat' dir='ltr'>in</span> <span class='ocrx_word' id='word_1_325' title='bbox 963 1355 1066 1389; x_wconf 75' lang='lat' dir='ltr'>oppido</span> <span class='ocrx_word' id='word_1_326' title='bbox 1086 1355 1218 1381; x_wconf 78' lang='lat' dir='ltr'>Umbriae</span> <span class='ocrx_word' id='word_1_327' title='bbox 1237 1363 1323 1389; x_wconf 85' lang='lat' dir='ltr'>prope</span> <span class='ocrx_word' id='word_1_328' title='bbox 1343 1355 1410 1381; x_wconf 88' lang='lat' dir='ltr'>fines</span> <span class='ocrx_word' id='word_1_329' title='bbox 1430 1354 1525 1381; x_wconf 88' lang='lat' dir='ltr'>Piceni</span> <span class='ocrx_word' id='word_1_330' title='bbox 1545 1354 1607 1385; x_wconf 87' lang='lat' dir='ltr'>sito,</span> <span class='ocrx_word' id='word_1_331' title='bbox 1627 1354 1655 1380; x_wconf 90' lang='lat' dir='ltr'>in</span> <span class='ocrx_word' id='word_1_332' title='bbox 1676 1354 1848 1380; x_wconf 80' lang='lat' dir='ltr'>bibliotheca</span> <span class='ocrx_word' id='word_1_333' title='bbox 1868 1352 1977 1380; x_wconf 84' lang='lat' dir='ltr'>comitis</span> 
     </span>
     <span class='ocr_line' id='line_1_27' title="bbox 175 1398 1978 1434; baseline -0.002 -8"><span class='ocrx_word' id='word_1_334' title='bbox 175 1400 299 1426; x_wconf 88' lang='lat' dir='ltr'>Balleani</span> <span class='ocrx_word' id='word_1_335' title='bbox 319 1402 448 1433; x_wconf 86' lang='lat' dir='ltr'>quartum</span> <span class='ocrx_word' id='word_1_336' title='bbox 469 1400 614 1434; x_wconf 81' lang='lat' dir='ltr'>Agricolae</span> <span class='ocrx_word' id='word_1_337' title='bbox 635 1400 757 1426; x_wconf 86' lang='lat' dir='ltr'>codicem</span> <span class='ocrx_word' id='word_1_338' title='bbox 782 1400 888 1426; x_wconf 82' lang='lat' dir='ltr'>invenit</span> <span class='ocrx_word' id='word_1_339' title='bbox 912 1408 1030 1433; x_wconf 82' lang='lat' dir='ltr'>eumque</span> <span class='ocrx_word' id='word_1_340' title='bbox 1054 1408 1126 1426; x_wconf 87' lang='lat' dir='ltr'>anno</span> <span class='ocrx_word' id='word_1_341' title='bbox 1152 1403 1218 1426; x_wconf 81' lang='lat'>1907</span> <span class='ocrx_word' id='word_1_342' title='bbox 1240 1400 1449 1426; x_wconf 82' lang='lat' dir='ltr'>accuratissime</span> <span class='ocrx_word' id='word_1_343' title='bbox 1468 1399 1624 1433; x_wconf 88' lang='lat' dir='ltr'>descripsit.</span> <span class='ocrx_word' id='word_1_344' title='bbox 1661 1399 1687 1425; x_wconf 89' lang='lat' dir='ltr'>Is</span> <span class='ocrx_word' id='word_1_345' title='bbox 1707 1399 1780 1425; x_wconf 83' lang='lat' dir='ltr'>enim</span> <span class='ocrx_word' id='word_1_346' title='bbox 1800 1398 1886 1424; x_wconf 83' lang='lat' dir='ltr'>codex</span> <span class='ocrx_word' id='word_1_347' title='bbox 1905 1398 1978 1424; x_wconf 86' lang='lat' dir='ltr'>inter</span> 
     </span>
     <span class='ocr_line' id='line_1_28' title="bbox 174 1443 1978 1477; baseline -0.001 -7"><span class='ocrx_word' id='word_1_348' title='bbox 174 1444 260 1471; x_wconf 87' lang='lat' dir='ltr'>libros</span> <span class='ocrx_word' id='word_1_349' title='bbox 280 1454 362 1470; x_wconf 88' lang='lat' dir='ltr'>manu</span> <span class='ocrx_word' id='word_1_350' title='bbox 382 1444 498 1477; x_wconf 83' lang='lat' dir='ltr'>scriptos</span> <span class='ocrx_word' id='word_1_351' title='bbox 518 1444 620 1470; x_wconf 89' lang='lat' dir='ltr'>latinos</span> <span class='ocrx_word' id='word_1_352' title='bbox 640 1444 716 1470; x_wconf 89' lang='lat' dir='ltr'>illius</span> <span class='ocrx_word' id='word_1_353' title='bbox 736 1444 923 1471; x_wconf 79' lang='lat' dir='ltr'>bibliothecae</span> <span class='ocrx_word' id='word_1_354' title='bbox 942 1453 1056 1471; x_wconf 89' lang='lat' dir='ltr'>numero</span> <span class='ocrx_word' id='word_1_355' title='bbox 1077 1447 1092 1471; x_wconf 85' lang='lat'>8</span> <span class='ocrx_word' id='word_1_356' title='bbox 1111 1445 1264 1471; x_wconf 84' lang='lat' dir='ltr'>recensitus</span> <span class='ocrx_word' id='word_1_357' title='bbox 1284 1453 1316 1470; x_wconf 84' lang='lat' dir='ltr'>ex</span> <span class='ocrx_word' id='word_1_358' title='bbox 1336 1444 1443 1471; x_wconf 91' lang='lat' dir='ltr'>duobus</span> <span class='ocrx_word' id='word_1_359' title='bbox 1463 1444 1606 1470; x_wconf 86' lang='lat' dir='ltr'>codicibus</span> <span class='ocrx_word' id='word_1_360' title='bbox 1625 1445 1743 1476; x_wconf 85' lang='lat' dir='ltr'>constat,</span> <span class='ocrx_word' id='word_1_361' title='bbox 1767 1451 1883 1476; x_wconf 86' lang='lat' dir='ltr'>quorum</span> <span class='ocrx_word' id='word_1_362' title='bbox 1902 1443 1978 1476; x_wconf 89' lang='lat' dir='ltr'>prior</span> 
     </span>
     <span class='ocr_line' id='line_1_29' title="bbox 175 1486 1978 1523; baseline -0.001 -9"><span class='ocrx_word' id='word_1_363' title='bbox 175 1489 284 1515; x_wconf 85' lang='lat' dir='ltr'>saeculo</span> <span class='ocrx_word' id='word_1_364' title='bbox 304 1499 331 1514; x_wconf 83' lang='lat' dir='ltr'>xr</span> <span class='ocrx_word' id='word_1_365' title='bbox 355 1489 472 1522; x_wconf 85' lang='lat' dir='ltr'>scriptus</span> <span class='ocrx_word' id='word_1_366' title='bbox 493 1489 602 1523; x_wconf 81' lang='lat' dir='ltr'>Dictyis</span> <span class='ocrx_word' id='word_1_367' title='bbox 625 1489 813 1522; x_wconf 76' lang='lat' dir='ltr'>ephemeridem</span> <span class='ocrx_word' id='word_1_368' title='bbox 837 1490 898 1516; x_wconf 73' lang='lat' dir='ltr'>belli</span> <span class='ocrx_word' id='word_1_369' title='bbox 920 1490 1035 1516; x_wconf 81' lang='lat' dir='ltr'>Troiani</span> <span class='ocrx_word' id='word_1_370' title='bbox 1053 1490 1186 1522; x_wconf 85' lang='lat' dir='ltr'>continet,</span> <span class='ocrx_word' id='word_1_371' title='bbox 1210 1489 1347 1523; x_wconf 88' lang='lat' dir='ltr'>posterior</span> <span class='ocrx_word' id='word_1_372' title='bbox 1373 1490 1463 1516; x_wconf 72' lang='lat' dir='ltr'>Taciti</span> <span class='ocrx_word' id='word_1_373' title='bbox 1481 1489 1636 1523; x_wconf 60' lang='lat' dir='ltr'>Agnicola-nz</span> <span class='ocrx_word' id='word_1_374' title='bbox 1658 1492 1682 1515; x_wconf 74' lang='lat' dir='ltr'>et</span> <span class='ocrx_word' id='word_1_375' title='bbox 1703 1489 1888 1515; x_wconf 76' lang='lat' dir='ltr'>Germaniam.</span> <span class='ocrx_word' id='word_1_376' title='bbox 1925 1486 1978 1513; x_wconf 80' lang='lat' dir='ltr'>Hic</span> 
     </span>
     <span class='ocr_line' id='line_1_30' title="bbox 175 1533 1978 1567; baseline -0.001 -8"><span class='ocrx_word' id='word_1_377' title='bbox 175 1535 268 1559; x_wconf 84' lang='lat' dir='ltr'>autem</span> <span class='ocrx_word' id='word_1_378' title='bbox 287 1534 421 1567; x_wconf 84' lang='lat' dir='ltr'>posterior</span> <span class='ocrx_word' id='word_1_379' title='bbox 441 1533 526 1559; x_wconf 82' lang='lat' dir='ltr'>codex</span> <span class='ocrx_word' id='word_1_380' title='bbox 546 1542 577 1559; x_wconf 77' lang='lat' dir='ltr'>ex</span> <span class='ocrx_word' id='word_1_381' title='bbox 597 1542 710 1559; x_wconf 89' lang='lat' dir='ltr'>numero</span> <span class='ocrx_word' id='word_1_382' title='bbox 731 1542 824 1559; x_wconf 86' lang='lat' dir='ltr'>eorum</span> <span class='ocrx_word' id='word_1_383' title='bbox 844 1536 893 1565; x_wconf 87' lang='lat' dir='ltr'>est,</span> <span class='ocrx_word' id='word_1_384' title='bbox 914 1534 942 1559; x_wconf 90' lang='lat' dir='ltr'>in</span> <span class='ocrx_word' id='word_1_385' title='bbox 963 1535 1064 1567; x_wconf 88' lang='lat' dir='ltr'>quibus</span> <span class='ocrx_word' id='word_1_386' title='bbox 1084 1534 1210 1567; x_wconf 88' lang='lat' dir='ltr'>reliquiis</span> <span class='ocrx_word' id='word_1_387' title='bbox 1230 1534 1332 1560; x_wconf 86' lang='lat' dir='ltr'>vetusti</span> <span class='ocrx_word' id='word_1_388' title='bbox 1352 1534 1497 1560; x_wconf 83' lang='lat' dir='ltr'>cuiusdam</span> <span class='ocrx_word' id='word_1_389' title='bbox 1518 1533 1621 1560; x_wconf 78' lang='lat' dir='ltr'>codicis</span> <span class='ocrx_word' id='word_1_390' title='bbox 1641 1541 1682 1565; x_wconf 82' lang='lat' dir='ltr'>ea,</span> <span class='ocrx_word' id='word_1_391' title='bbox 1706 1541 1777 1566; x_wconf 86' lang='lat' dir='ltr'>quae</span> <span class='ocrx_word' id='word_1_392' title='bbox 1797 1533 1920 1564; x_wconf 87' lang='lat' dir='ltr'>deerant,</span> <span class='ocrx_word' id='word_1_393' title='bbox 1945 1540 1978 1558; x_wconf 86' lang='lat' dir='ltr'>ex</span> 
     </span>
     <span class='ocr_line' id='line_1_31' title="bbox 175 1576 1977 1613; baseline -0.001 -9"><span class='ocrx_word' id='word_1_394' title='bbox 175 1578 229 1604; x_wconf 90' lang='lat' dir='ltr'>alio</span> <span class='ocrx_word' id='word_1_395' title='bbox 250 1578 344 1604; x_wconf 91' lang='lat' dir='ltr'>codice</span> <span class='ocrx_word' id='word_1_396' title='bbox 367 1578 474 1611; x_wconf 85' lang='lat' dir='ltr'>integro</span> <span class='ocrx_word' id='word_1_397' title='bbox 500 1577 639 1612; x_wconf 83' lang='lat' dir='ltr'>descripta</span> <span class='ocrx_word' id='word_1_398' title='bbox 663 1579 761 1612; x_wconf 83' lang='lat' dir='ltr'>postea</span> <span class='ocrx_word' id='word_1_399' title='bbox 781 1578 878 1604; x_wconf 84' lang='lat' dir='ltr'>addita</span> <span class='ocrx_word' id='word_1_400' title='bbox 898 1580 970 1609; x_wconf 73' lang='lat' dir='ltr'>sunt,</span> <span class='ocrx_word' id='word_1_401' title='bbox 990 1579 1064 1613; x_wconf 89' lang='lat' dir='ltr'>quod</span> <span class='ocrx_word' id='word_1_402' title='bbox 1084 1579 1195 1605; x_wconf 84' lang='lat' dir='ltr'>saeculo</span> <span class='ocrx_word' id='word_1_403' title='bbox 1214 1588 1249 1605; x_wconf 78' lang='lat' dir='ltr'>xv</span> <span class='ocrx_word' id='word_1_404' title='bbox 1268 1579 1379 1613; x_wconf 88' lang='lat' dir='ltr'>saepius</span> <span class='ocrx_word' id='word_1_405' title='bbox 1399 1578 1510 1610; x_wconf 87' lang='lat' dir='ltr'>accidit,</span> <span class='ocrx_word' id='word_1_406' title='bbox 1529 1579 1561 1604; x_wconf 85' lang='lat' dir='ltr'>ut</span> <span class='ocrx_word' id='word_1_407' title='bbox 1580 1580 1642 1604; x_wconf 90' lang='lat' dir='ltr'>octo</span> <span class='ocrx_word' id='word_1_408' title='bbox 1662 1577 1730 1604; x_wconf 82' lang='lat' dir='ltr'>folia</span> <span class='ocrx_word' id='word_1_409' title='bbox 1749 1577 1823 1603; x_wconf 90' lang='lat' dir='ltr'>binis</span> <span class='ocrx_word' id='word_1_410' title='bbox 1842 1576 1977 1604; x_wconf 88' lang='lat' dir='ltr'>columnis</span> 
     </span>
     <span class='ocr_line' id='line_1_32' title="bbox 176 1622 1977 1657; baseline -0.001 -9"><span class='ocrx_word' id='word_1_411' title='bbox 176 1625 296 1654; x_wconf 81' lang='lat' dir='ltr'>exarata,</span> <span class='ocrx_word' id='word_1_412' title='bbox 311 1630 382 1655; x_wconf 88' lang='lat' dir='ltr'>quae</span> <span class='ocrx_word' id='word_1_413' title='bbox 397 1622 541 1656; x_wconf 85' lang='lat' dir='ltr'>Agricolae</span> <span class='ocrx_word' id='word_1_414' title='bbox 562 1622 644 1648; x_wconf 82' lang='lat' dir='ltr'>verba</span> <span class='ocrx_word' id='word_1_415' title='bbox 663 1625 717 1656; x_wconf 85' lang='lat'>(13)</span> <span class='ocrx_word' id='word_1_416' title='bbox 737 1624 831 1649; x_wconf 76' lang='lat' dir='ltr'>munia</span> <span class='ocrx_word' id='word_1_417' title='bbox 853 1624 965 1657; x_wconf 75' lang='lat' dir='ltr'>impiyre</span> <span class='ocrx_word' id='word_1_418' title='bbox 984 1624 1081 1650; x_wconf 76' lang='lat' dir='ltr'>obeunt</span> <span class='ocrx_word' id='word_1_419' title='bbox 1100 1632 1187 1657; x_wconf 90' lang='lat' dir='ltr'>usque</span> <span class='ocrx_word' id='word_1_420' title='bbox 1207 1624 1241 1650; x_wconf 85' lang='lat' dir='ltr'>ad</span> <span class='ocrx_word' id='word_1_421' title='bbox 1262 1625 1317 1657; x_wconf 80' lang='lat'>(40)</span> <span class='ocrx_word' id='word_1_422' title='bbox 1337 1624 1458 1650; x_wconf 79' lang='lat' dir='ltr'>libertum</span> <span class='ocrx_word' id='word_1_423' title='bbox 1479 1631 1512 1649; x_wconf 69' lang='lat' dir='ltr'>ea·</span> <span class='ocrx_word' id='word_1_424' title='bbox 1530 1623 1715 1650; x_wconf 74' lang='lat' dir='ltr'>secretioribus</span> <span class='ocrx_word' id='word_1_425' title='bbox 1738 1622 1898 1648; x_wconf 74' lang='lat' dir='ltr'>ministeriis</span> <span class='ocrx_word' id='word_1_426' title='bbox 1916 1622 1977 1648; x_wconf 56' lang='lat' dir='ltr'>mrs-</span> 
     </span>
     <span class='ocr_line' id='line_1_33' title="bbox 175 1666 1979 1702; baseline 0 -10"><span class='ocrx_word' id='word_1_427' title='bbox 175 1676 233 1693; x_wconf 79' lang='lat' dir='ltr'>sum</span> <span class='ocrx_word' id='word_1_428' title='bbox 262 1667 416 1698; x_wconf 83' lang='lat' dir='ltr'>continent,</span> <span class='ocrx_word' id='word_1_429' title='bbox 443 1666 553 1692; x_wconf 88' lang='lat' dir='ltr'>saeculo</span> <span class='ocrx_word' id='word_1_430' title='bbox 577 1676 606 1699; x_wconf 66' lang='lat' dir='ltr'>X,</span> <span class='ocrx_word' id='word_1_431' title='bbox 634 1667 741 1700; x_wconf 87' lang='lat' dir='ltr'>reliqua</span> <span class='ocrx_word' id='word_1_432' title='bbox 767 1668 877 1694; x_wconf 85' lang='lat' dir='ltr'>saeculo</span> <span class='ocrx_word' id='word_1_433' title='bbox 896 1678 932 1694; x_wconf 80' lang='lat' dir='ltr'>xv</span> <span class='ocrx_word' id='word_1_434' title='bbox 958 1668 1063 1702; x_wconf 84' lang='lat' dir='ltr'>scripta</span> <span class='ocrx_word' id='word_1_435' title='bbox 1089 1669 1153 1694; x_wconf 85' lang='lat' dir='ltr'>sint.</span> <span class='ocrx_word' id='word_1_436' title='bbox 1192 1667 1296 1700; x_wconf 83' lang='lat' dir='ltr'>Quodsi</span> <span class='ocrx_word' id='word_1_437' title='bbox 1320 1668 1388 1694; x_wconf 84' lang='lat' dir='ltr'>satis</span> <span class='ocrx_word' id='word_1_438' title='bbox 1416 1669 1525 1694; x_wconf 82' lang='lat' dir='ltr'>constat</span> <span class='ocrx_word' id='word_1_439' title='bbox 1551 1666 1662 1693; x_wconf 86' lang='lat' dir='ltr'>saeculo</span> <span class='ocrx_word' id='word_1_440' title='bbox 1687 1676 1721 1693; x_wconf 82' lang='lat' dir='ltr'>xv</span> <span class='ocrx_word' id='word_1_441' title='bbox 1745 1675 1830 1692; x_wconf 88' lang='lat' dir='ltr'>unum</span> <span class='ocrx_word' id='word_1_442' title='bbox 1855 1666 1979 1692; x_wconf 86' lang='lat' dir='ltr'>codicem</span> 
     </span>
     <span class='ocr_line' id='line_1_34' title="bbox 176 1710 1979 1746; baseline 0 -10"><span class='ocrx_word' id='word_1_443' title='bbox 176 1713 314 1738; x_wconf 85' lang='lat' dir='ltr'>vetustum</span> <span class='ocrx_word' id='word_1_444' title='bbox 341 1711 517 1745; x_wconf 82' lang='lat' dir='ltr'>superfuisse,</span> <span class='ocrx_word' id='word_1_445' title='bbox 540 1712 588 1745; x_wconf 88' lang='lat' dir='ltr'>qui</span> <span class='ocrx_word' id='word_1_446' title='bbox 608 1711 698 1738; x_wconf 81' lang='lat' dir='ltr'>Taciti</span> <span class='ocrx_word' id='word_1_447' title='bbox 723 1713 826 1746; x_wconf 86' lang='lat' dir='ltr'>scripta</span> <span class='ocrx_word' id='word_1_448' title='bbox 851 1713 959 1738; x_wconf 89' lang='lat' dir='ltr'>minora</span> <span class='ocrx_word' id='word_1_449' title='bbox 982 1713 1146 1744; x_wconf 78' lang='lat' dir='ltr'>contineret,</span> <span class='ocrx_word' id='word_1_450' title='bbox 1170 1722 1287 1746; x_wconf 85' lang='lat' dir='ltr'>eumque</span> <span class='ocrx_word' id='word_1_451' title='bbox 1307 1713 1342 1739; x_wconf 93' lang='lat' dir='ltr'>ab</span> <span class='ocrx_word' id='word_1_452' title='bbox 1362 1712 1493 1738; x_wconf 86' lang='lat' dir='ltr'>Henocho</span> <span class='ocrx_word' id='word_1_453' title='bbox 1514 1712 1653 1738; x_wconf 83' lang='lat' dir='ltr'>Asculano</span> <span class='ocrx_word' id='word_1_454' title='bbox 1676 1712 1705 1737; x_wconf 92' lang='lat' dir='ltr'>in</span> <span class='ocrx_word' id='word_1_455' title='bbox 1725 1711 1846 1744; x_wconf 90' lang='lat' dir='ltr'>quodam</span> <span class='ocrx_word' id='word_1_456' title='bbox 1866 1710 1979 1737; x_wconf 83' lang='lat' dir='ltr'>Germa-</span> 
     </span>
     <span class='ocr_line' id='line_1_35' title="bbox 176 1755 1978 1792; baseline 0 -11"><span class='ocrx_word' id='word_1_457' title='bbox 176 1756 237 1781; x_wconf 87' lang='lat' dir='ltr'>niae</span> <span class='ocrx_word' id='word_1_458' title='bbox 262 1756 436 1787; x_wconf 77' lang='lat' dir='ltr'>monasterio,</span> <span class='ocrx_word' id='word_1_459' title='bbox 460 1756 534 1789; x_wconf 90' lang='lat' dir='ltr'>quod</span> <span class='ocrx_word' id='word_1_460' title='bbox 559 1756 752 1782; x_wconf 85' lang='lat' dir='ltr'>Hersfeldense</span> <span class='ocrx_word' id='word_1_461' title='bbox 776 1757 861 1783; x_wconf 87' lang='lat' dir='ltr'>fuisse</span> <span class='ocrx_word' id='word_1_462' title='bbox 886 1757 945 1784; x_wconf 90' lang='lat' dir='ltr'>veri</span> <span class='ocrx_word' id='word_1_463' title='bbox 968 1757 1141 1783; x_wconf 89' lang='lat' dir='ltr'>simillimum</span> <span class='ocrx_word' id='word_1_464' title='bbox 1166 1759 1215 1790; x_wconf 82' lang='lat' dir='ltr'>est,</span> <span class='ocrx_word' id='word_1_465' title='bbox 1239 1759 1380 1792; x_wconf 89' lang='lat' dir='ltr'>repertum</span> <span class='ocrx_word' id='word_1_466' title='bbox 1405 1765 1473 1790; x_wconf 86' lang='lat' dir='ltr'>esse,</span> <span class='ocrx_word' id='word_1_467' title='bbox 1497 1757 1622 1783; x_wconf 86' lang='lat' dir='ltr'>dubitari</span> <span class='ocrx_word' id='word_1_468' title='bbox 1641 1757 1697 1782; x_wconf 87' lang='lat' dir='ltr'>iam</span> <span class='ocrx_word' id='word_1_469' title='bbox 1716 1764 1772 1782; x_wconf 90' lang='lat' dir='ltr'>non</span> <span class='ocrx_word' id='word_1_470' title='bbox 1791 1756 1891 1790; x_wconf 78' lang='lat' dir='ltr'>potest,</span> <span class='ocrx_word' id='word_1_471' title='bbox 1911 1755 1978 1788; x_wconf 87' lang='lat' dir='ltr'>quin</span> 
     </span>
     <span class='ocr_line' id='line_1_36' title="bbox 176 1800 1978 1836; baseline 0 -10"><span class='ocrx_word' id='word_1_472' title='bbox 176 1802 204 1826; x_wconf 89' lang='lat' dir='ltr'>et</span> <span class='ocrx_word' id='word_1_473' title='bbox 222 1800 368 1827; x_wconf 85' lang='lat' dir='ltr'>Henochus</span> <span class='ocrx_word' id='word_1_474' title='bbox 387 1801 541 1827; x_wconf 87' lang='lat' dir='ltr'>Asculanus</span> <span class='ocrx_word' id='word_1_475' title='bbox 565 1809 619 1827; x_wconf 91' lang='lat' dir='ltr'>non</span> <span class='ocrx_word' id='word_1_476' title='bbox 644 1802 833 1835; x_wconf 84' lang='lat' dir='ltr'>apographum</span> <span class='ocrx_word' id='word_1_477' title='bbox 859 1802 918 1828; x_wconf 90' lang='lat' dir='ltr'>eius</span> <span class='ocrx_word' id='word_1_478' title='bbox 943 1802 1054 1834; x_wconf 83' lang='lat' dir='ltr'>codicis,</span> <span class='ocrx_word' id='word_1_479' title='bbox 1079 1803 1154 1835; x_wconf 91' lang='lat' dir='ltr'>quod</span> <span class='ocrx_word' id='word_1_480' title='bbox 1178 1803 1293 1836; x_wconf 91' lang='lat' dir='ltr'>quidam</span> <span class='ocrx_word' id='word_1_481' title='bbox 1317 1802 1472 1835; x_wconf 75' lang='lat' dir='ltr'>voluerunt,</span> <span class='ocrx_word' id='word_1_482' title='bbox 1496 1802 1544 1828; x_wconf 88' lang='lat' dir='ltr'>sed</span> <span class='ocrx_word' id='word_1_483' title='bbox 1564 1801 1655 1835; x_wconf 85' lang='lat' dir='ltr'>ipsum</span> <span class='ocrx_word' id='word_1_484' title='bbox 1675 1801 1799 1827; x_wconf 84' lang='lat' dir='ltr'>codicem</span> <span class='ocrx_word' id='word_1_485' title='bbox 1818 1809 1889 1827; x_wconf 89' lang='lat' dir='ltr'>anno</span> <span class='ocrx_word' id='word_1_486' title='bbox 1911 1802 1978 1826; x_wconf 84' lang='lat'>1455</span> 
     </span>
     <span class='ocr_line' id='line_1_37' title="bbox 176 1845 1976 1880; baseline 0.001 -10"><span class='ocrx_word' id='word_1_487' title='bbox 176 1853 237 1871; x_wconf 88' lang='lat' dir='ltr'>vere</span> <span class='ocrx_word' id='word_1_488' title='bbox 257 1853 288 1870; x_wconf 81' lang='lat' dir='ltr'>ex</span> <span class='ocrx_word' id='word_1_489' title='bbox 309 1845 455 1871; x_wconf 80' lang='lat' dir='ltr'>Germania</span> <span class='ocrx_word' id='word_1_490' title='bbox 474 1845 590 1871; x_wconf 77' lang='lat' dir='ltr'>Romam</span> <span class='ocrx_word' id='word_1_491' title='bbox 610 1845 757 1872; x_wconf 85' lang='lat' dir='ltr'>abstulerit</span> <span class='ocrx_word' id='word_1_492' title='bbox 776 1847 803 1872; x_wconf 85' lang='lat' dir='ltr'>et</span> <span class='ocrx_word' id='word_1_493' title='bbox 822 1846 865 1872; x_wconf 91' lang='lat' dir='ltr'>his</span> <span class='ocrx_word' id='word_1_494' title='bbox 885 1849 947 1872; x_wconf 87' lang='lat' dir='ltr'>octo</span> <span class='ocrx_word' id='word_1_495' title='bbox 966 1846 1041 1873; x_wconf 85' lang='lat' dir='ltr'>foliis</span> <span class='ocrx_word' id='word_1_496' title='bbox 1064 1847 1167 1873; x_wconf 86' lang='lat' dir='ltr'>codicis</span> <span class='ocrx_word' id='word_1_497' title='bbox 1189 1847 1328 1873; x_wconf 86' lang='lat' dir='ltr'>Aesinatis</span> <span class='ocrx_word' id='word_1_498' title='bbox 1348 1847 1493 1880; x_wconf 85' lang='lat' dir='ltr'>quaternio</span> <span class='ocrx_word' id='word_1_499' title='bbox 1518 1846 1621 1873; x_wconf 85' lang='lat' dir='ltr'>codicis</span> <span class='ocrx_word' id='word_1_500' title='bbox 1641 1846 1814 1872; x_wconf 86' lang='lat' dir='ltr'>Henochiani</span> <span class='ocrx_word' id='word_1_501' title='bbox 1833 1845 1877 1871; x_wconf 87' lang='lat' dir='ltr'>vel</span> <span class='ocrx_word' id='word_1_502' title='bbox 1896 1845 1976 1871; x_wconf 85' lang='lat' dir='ltr'>Hers-</span> 
     </span>
     <span class='ocr_line' id='line_1_38' title="bbox 177 1889 1976 1925; baseline 0 -10"><span class='ocrx_word' id='word_1_503' title='bbox 177 1889 307 1916; x_wconf 85' lang='lat' dir='ltr'>feldensis</span> <span class='ocrx_word' id='word_1_504' title='bbox 326 1892 450 1916; x_wconf 87' lang='lat' dir='ltr'>servatus</span> <span class='ocrx_word' id='word_1_505' title='bbox 469 1891 513 1916; x_wconf 86' lang='lat' dir='ltr'>sit.</span> <span class='ocrx_word' id='word_1_506' title='bbox 547 1890 627 1916; x_wconf 86' lang='lat' dir='ltr'>Hunc</span> <span class='ocrx_word' id='word_1_507' title='bbox 647 1892 739 1916; x_wconf 85' lang='lat' dir='ltr'>autem</span> <span class='ocrx_word' id='word_1_508' title='bbox 760 1892 972 1924; x_wconf 83' lang='lat' dir='ltr'>quaternionem</span> <span class='ocrx_word' id='word_1_509' title='bbox 991 1892 1105 1918; x_wconf 88' lang='lat' dir='ltr'>tertium</span> <span class='ocrx_word' id='word_1_510' title='bbox 1125 1892 1229 1918; x_wconf 90' lang='lat' dir='ltr'>codicis</span> <span class='ocrx_word' id='word_1_511' title='bbox 1245 1892 1418 1918; x_wconf 86' lang='lat' dir='ltr'>Henochiani</span> <span class='ocrx_word' id='word_1_512' title='bbox 1434 1892 1519 1918; x_wconf 85' lang='lat' dir='ltr'>fuisse</span> <span class='ocrx_word' id='word_1_513' title='bbox 1534 1892 1589 1917; x_wconf 90' lang='lat' dir='ltr'>iam</span> <span class='ocrx_word' id='word_1_514' title='bbox 1605 1891 1704 1917; x_wconf 85' lang='lat' dir='ltr'>docere</span> <span class='ocrx_word' id='word_1_515' title='bbox 1718 1899 1872 1925; x_wconf 89' lang='lat' dir='ltr'>possumus.</span> <span class='ocrx_word' id='word_1_516' title='bbox 1905 1889 1976 1915; x_wconf 80' lang='lat' dir='ltr'>Nam</span> 
     </span>
     <span class='ocr_line' id='line_1_39' title="bbox 177 1934 1977 1968; baseline -0.001 -8"><span class='ocrx_word' id='word_1_517' title='bbox 177 1935 367 1967; x_wconf 87' lang='lat' dir='ltr'>percommode</span> <span class='ocrx_word' id='word_1_518' title='bbox 391 1934 495 1960; x_wconf 89' lang='lat' dir='ltr'>factum</span> <span class='ocrx_word' id='word_1_519' title='bbox 519 1937 568 1965; x_wconf 85' lang='lat' dir='ltr'>est,</span> <span class='ocrx_word' id='word_1_520' title='bbox 593 1934 667 1968; x_wconf 88' lang='lat' dir='ltr'>qnod</span> <span class='ocrx_word' id='word_1_521' title='bbox 694 1935 826 1961; x_wconf 83' lang='lat' dir='ltr'>Ricardus</span> <span class='ocrx_word' id='word_1_522' title='bbox 852 1936 1006 1962; x_wconf 86' lang='lat' dir='ltr'>Sabbadini</span> <span class='ocrx_word' id='word_1_523' title='bbox 1030 1936 1182 1962; x_wconf 81' lang='lat' dir='ltr'>Mediolani</span> <span class='ocrx_word' id='word_1_524' title='bbox 1205 1936 1234 1962; x_wconf 88' lang='lat' dir='ltr'>in</span> <span class='ocrx_word' id='word_1_525' title='bbox 1255 1936 1426 1963; x_wconf 84' lang='lat' dir='ltr'>bibliotheca</span> <span class='ocrx_word' id='word_1_526' title='bbox 1449 1935 1634 1962; x_wconf 86' lang='lat' dir='ltr'>Ambrosiana</span> <span class='ocrx_word' id='word_1_527' title='bbox 1654 1935 1777 1961; x_wconf 88' lang='lat' dir='ltr'>codicem</span> <span class='ocrx_word' id='word_1_528' title='bbox 1796 1935 1838 1968; x_wconf 75' lang='lat' dir='ltr'>(R.</span> <span class='ocrx_word' id='word_1_529' title='bbox 1854 1936 1887 1960; x_wconf 87' lang='lat'>88</span> <span class='ocrx_word' id='word_1_530' title='bbox 1907 1935 1977 1968; x_wconf 87' lang='lat' dir='ltr'>sup.)</span> 
     </span>
     <span class='ocr_line' id='line_1_40' title="bbox 176 1978 1979 2014; baseline 0.001 -11"><span class='ocrx_word' id='word_1_531' title='bbox 176 1978 288 2010; x_wconf 81' lang='lat' dir='ltr'>invenit,</span> <span class='ocrx_word' id='word_1_532' title='bbox 312 1979 340 2004; x_wconf 89' lang='lat' dir='ltr'>in</span> <span class='ocrx_word' id='word_1_533' title='bbox 365 1987 418 2011; x_wconf 82' lang='lat' dir='ltr'>quo</span> <span class='ocrx_word' id='word_1_534' title='bbox 438 1979 534 2005; x_wconf 87' lang='lat' dir='ltr'>Petrus</span> <span class='ocrx_word' id='word_1_535' title='bbox 555 1979 695 2005; x_wconf 82' lang='lat' dir='ltr'>Candidus</span> <span class='ocrx_word' id='word_1_536' title='bbox 719 1979 906 2011; x_wconf 77' lang='lat' dir='ltr'>Decembrius,</span> <span class='ocrx_word' id='word_1_537' title='bbox 931 1988 1013 2014; x_wconf 86' lang='lat' dir='ltr'>quem</span> <span class='ocrx_word' id='word_1_538' title='bbox 1038 1981 1073 2007; x_wconf 88' lang='lat' dir='ltr'>ab</span> <span class='ocrx_word' id='word_1_539' title='bbox 1097 1989 1170 2007; x_wconf 91' lang='lat' dir='ltr'>anno</span> <span class='ocrx_word' id='word_1_540' title='bbox 1191 1984 1258 2008; x_wconf 75' lang='lat'>1450</span> <span class='ocrx_word' id='word_1_541' title='bbox 1278 1990 1366 2014; x_wconf 85' lang='lat' dir='ltr'>usque</span> <span class='ocrx_word' id='word_1_542' title='bbox 1385 1981 1420 2007; x_wconf 89' lang='lat' dir='ltr'>ad</span> <span class='ocrx_word' id='word_1_543' title='bbox 1441 1989 1544 2007; x_wconf 89' lang='lat' dir='ltr'>annum</span> <span class='ocrx_word' id='word_1_544' title='bbox 1565 1984 1631 2006; x_wconf 73' lang='lat'>1456</span> <span class='ocrx_word' id='word_1_545' title='bbox 1652 1981 1756 2006; x_wconf 84' lang='lat' dir='ltr'>Romae</span> <span class='ocrx_word' id='word_1_546' title='bbox 1776 1981 1804 2005; x_wconf 88' lang='lat' dir='ltr'>et</span> <span class='ocrx_word' id='word_1_547' title='bbox 1822 1978 1938 2005; x_wconf 85' lang='lat' dir='ltr'>Nicolao</span> <span class='ocrx_word' id='word_1_548' title='bbox 1954 1978 1979 2004; x_wconf 87' lang='lat' dir='ltr'><strong>V</strong></span> 
     </span>
     <span class='ocr_line' id='line_1_41' title="bbox 177 2019 1977 2059; baseline 0.001 -11"><span class='ocrx_word' id='word_1_549' title='bbox 177 2024 204 2048; x_wconf 87' lang='lat' dir='ltr'>et</span> <span class='ocrx_word' id='word_1_550' title='bbox 223 2022 329 2049; x_wconf 78' lang='lat' dir='ltr'>Calixto</span> <span class='ocrx_word' id='word_1_551' title='bbox 348 2023 383 2048; x_wconf 85' lang='grc' dir='ltr'>ΙΙΙ</span> <span class='ocrx_word' id='word_1_552' title='bbox 403 2023 438 2049; x_wconf 88' lang='lat' dir='ltr'>ab</span> <span class='ocrx_word' id='word_1_553' title='bbox 458 2023 584 2057; x_wconf 85' lang='lat' dir='ltr'>epistulis</span> <span class='ocrx_word' id='word_1_554' title='bbox 603 2024 688 2049; x_wconf 82' lang='lat' dir='ltr'>fuisse</span> <span class='ocrx_word' id='word_1_555' title='bbox 708 2024 873 2057; x_wconf 82' lang='lat' dir='ltr'>accepimus,</span> <span class='ocrx_word' id='word_1_556' title='bbox 893 2033 921 2050; x_wconf 89' lang='lat' dir='ltr'>se</span> <span class='ocrx_word' id='word_1_557' title='bbox 941 2033 1013 2051; x_wconf 84' lang='lat' dir='ltr'>anno</span> <span class='ocrx_word' id='word_1_558' title='bbox 1031 2029 1099 2052; x_wconf 80' lang='lat'>1455</span> <span class='ocrx_word' id='word_1_559' title='bbox 1115 2026 1220 2053; x_wconf 84' lang='lat' dir='ltr'>Romae</span> <span class='ocrx_word' id='word_1_560' title='bbox 1235 2026 1359 2052; x_wconf 87' lang='lat' dir='ltr'>codicem</span> <span class='ocrx_word' id='word_1_561' title='bbox 1374 2026 1448 2052; x_wconf 88' lang='lat' dir='ltr'>binis</span> <span class='ocrx_word' id='word_1_562' title='bbox 1463 2025 1599 2052; x_wconf 86' lang='lat' dir='ltr'>columnis</span> <span class='ocrx_word' id='word_1_563' title='bbox 1615 2025 1749 2059; x_wconf 88' lang='lat' dir='ltr'>scriptum</span> <span class='ocrx_word' id='word_1_564' title='bbox 1764 2024 1867 2050; x_wconf 83' lang='lat' dir='ltr'>vidisse</span> <span class='ocrx_word' id='word_1_565' title='bbox 1882 2019 1977 2056; x_wconf 80' lang='lat' dir='ltr'>tradit,</span> 
     </span>
     <span class='ocr_line' id='line_1_42' title="bbox 177 2067 1978 2105; baseline 0 -12"><span class='ocrx_word' id='word_1_566' title='bbox 177 2067 224 2100; x_wconf 90' lang='lat' dir='ltr'>qui</span> <span class='ocrx_word' id='word_1_567' title='bbox 240 2067 357 2093; x_wconf 88' lang='lat' dir='ltr'>Cornelii</span> <span class='ocrx_word' id='word_1_568' title='bbox 373 2067 462 2093; x_wconf 85' lang='lat' dir='ltr'>Taciti</span> <span class='ocrx_word' id='word_1_569' title='bbox 478 2067 663 2100; x_wconf 78' lang='lat' dir='ltr'>Germaniam,</span> <span class='ocrx_word' id='word_1_570' title='bbox 678 2069 845 2102; x_wconf 81' lang='lat' dir='ltr'>Agricolam,</span> <span class='ocrx_word' id='word_1_571' title='bbox 862 2069 1010 2104; x_wconf 89' lang='lat' dir='ltr'>Dialogum</span> <span class='ocrx_word' id='word_1_572' title='bbox 1031 2072 1059 2097; x_wconf 87' lang='lat' dir='ltr'>et</span> <span class='ocrx_word' id='word_1_573' title='bbox 1079 2071 1205 2097; x_wconf 88' lang='lat' dir='ltr'>Suetonii</span> <span class='ocrx_word' id='word_1_574' title='bbox 1221 2070 1376 2104; x_wconf 88' lang='lat' dir='ltr'>Tranquilli</span> <span class='ocrx_word' id='word_1_575' title='bbox 1398 2071 1431 2096; x_wconf 87' lang='lat' dir='ltr'>de</span> <span class='ocrx_word' id='word_1_576' title='bbox 1451 2070 1641 2105; x_wconf 84' lang='lat' dir='ltr'>grammaticis</span> <span class='ocrx_word' id='word_1_577' title='bbox 1662 2071 1689 2095; x_wconf 88' lang='lat' dir='ltr'>et</span> <span class='ocrx_word' id='word_1_578' title='bbox 1703 2068 1861 2096; x_wconf 87' lang='lat' dir='ltr'>rhetoribus</span> <span class='ocrx_word' id='word_1_579' title='bbox 1876 2068 1978 2094; x_wconf 86' lang='lat' dir='ltr'>librum</span> 
     </span>
     <span class='ocr_line' id='line_1_43' title="bbox 178 2112 1978 2149; baseline 0.001 -12"><span class='ocrx_word' id='word_1_580' title='bbox 178 2112 337 2144; x_wconf 83' lang='lat' dir='ltr'>contineret,</span> <span class='ocrx_word' id='word_1_581' title='bbox 365 2113 448 2145; x_wconf 88' lang='lat' dir='ltr'>atque</span> <span class='ocrx_word' id='word_1_582' title='bbox 476 2112 555 2138; x_wconf 88' lang='lat' dir='ltr'>addit</span> <span class='ocrx_word' id='word_1_583' title='bbox 579 2112 755 2139; x_wconf 81' lang='lat' dir='ltr'>Germaniam</span> <span class='ocrx_word' id='word_1_584' title='bbox 784 2113 931 2140; x_wconf 86' lang='lat' dir='ltr'>duodecim</span> <span class='ocrx_word' id='word_1_585' title='bbox 959 2115 1027 2141; x_wconf 87' lang='lat' dir='ltr'>folia</span> <span class='ocrx_word' id='word_1_586' title='bbox 1055 2116 1132 2142; x_wconf 87' lang='lat' dir='ltr'>illius</span> <span class='ocrx_word' id='word_1_587' title='bbox 1158 2116 1261 2142; x_wconf 86' lang='lat' dir='ltr'>codicis</span> <span class='ocrx_word' id='word_1_588' title='bbox 1288 2115 1542 2149; x_wconf 85' lang='lat' dir='ltr'>comprehendisse,</span> <span class='ocrx_word' id='word_1_589' title='bbox 1567 2114 1726 2149; x_wconf 89' lang='lat' dir='ltr'>Agricolam</span> <span class='ocrx_word' id='word_1_590' title='bbox 1746 2112 1978 2147; x_wconf 79' lang='lat' dir='ltr'>quattuordecim,</span> 
     </span>
     <span class='ocr_line' id='line_1_44' title="bbox 178 2155 1979 2193; baseline 0.002 -12"><span class='ocrx_word' id='word_1_591' title='bbox 178 2155 324 2190; x_wconf 86' lang='lat' dir='ltr'>Dialogum</span> <span class='ocrx_word' id='word_1_592' title='bbox 349 2157 569 2189; x_wconf 85' lang='lat' dir='ltr'>quattuordecim</span> <span class='ocrx_word' id='word_1_593' title='bbox 593 2159 678 2190; x_wconf 88' lang='lat' dir='ltr'>atque</span> <span class='ocrx_word' id='word_1_594' title='bbox 703 2157 757 2184; x_wconf 90' lang='lat' dir='ltr'>duo</span> <span class='ocrx_word' id='word_1_595' title='bbox 782 2166 843 2183; x_wconf 86' lang='lat' dir='ltr'>cum</span> <span class='ocrx_word' id='word_1_596' title='bbox 869 2159 994 2192; x_wconf 83' lang='lat' dir='ltr'>dimidio,</span> <span class='ocrx_word' id='word_1_597' title='bbox 1019 2160 1220 2186; x_wconf 85' lang='lat' dir='ltr'>Suetonianum</span> <span class='ocrx_word' id='word_1_598' title='bbox 1245 2160 1364 2193; x_wconf 87' lang='lat' dir='ltr'>denique</span> <span class='ocrx_word' id='word_1_599' title='bbox 1388 2159 1515 2186; x_wconf 85' lang='lat' dir='ltr'>libellum</span> <span class='ocrx_word' id='word_1_600' title='bbox 1539 2161 1654 2193; x_wconf 87' lang='lat' dir='ltr'>septem.</span> <span class='ocrx_word' id='word_1_601' title='bbox 1688 2159 1764 2191; x_wconf 82' lang='lat' dir='ltr'>Quae</span> <span class='ocrx_word' id='word_1_602' title='bbox 1787 2159 1811 2184; x_wconf 88' lang='lat' dir='ltr'>si</span> <span class='ocrx_word' id='word_1_603' title='bbox 1834 2158 1979 2185; x_wconf 88' lang='lat' dir='ltr'>nobiscum</span> 
     </span>
     <span class='ocr_line' id='line_1_45' title="bbox 178 2200 1980 2237; baseline 0.002 -12"><span class='ocrx_word' id='word_1_604' title='bbox 178 2200 420 2232; x_wconf 78' lang='lat' dir='ltr'>considerabimus,</span> <span class='ocrx_word' id='word_1_605' title='bbox 449 2210 503 2227; x_wconf 88' lang='lat' dir='ltr'>non</span> <span class='ocrx_word' id='word_1_606' title='bbox 532 2202 736 2234; x_wconf 74' lang='lat' dir='ltr'>dubitabimus,</span> <span class='ocrx_word' id='word_1_607' title='bbox 764 2203 831 2235; x_wconf 89' lang='lat' dir='ltr'>quin</span> <span class='ocrx_word' id='word_1_608' title='bbox 860 2203 888 2228; x_wconf 92' lang='lat' dir='ltr'>in</span> <span class='ocrx_word' id='word_1_609' title='bbox 917 2203 1097 2230; x_wconf 85' lang='lat' dir='ltr'>Henochiano</span> <span class='ocrx_word' id='word_1_610' title='bbox 1125 2205 1175 2231; x_wconf 92' lang='lat' dir='ltr'>illo</span> <span class='ocrx_word' id='word_1_611' title='bbox 1203 2204 1274 2231; x_wconf 81' lang='lat' dir='ltr'>libro</span> <span class='ocrx_word' id='word_1_612' title='bbox 1304 2204 1468 2231; x_wconf 84' lang='lat' dir='ltr'>Germaniae</span> <span class='ocrx_word' id='word_1_613' title='bbox 1492 2204 1561 2230; x_wconf 87' lang='lat' dir='ltr'>folia</span> <span class='ocrx_word' id='word_1_614' title='bbox 1585 2204 1732 2230; x_wconf 90' lang='lat' dir='ltr'>duodecim</span> <span class='ocrx_word' id='word_1_615' title='bbox 1756 2203 1900 2237; x_wconf 83' lang='lat' dir='ltr'>complexa</span> <span class='ocrx_word' id='word_1_616' title='bbox 1923 2202 1980 2229; x_wconf 89' lang='lat' dir='ltr'>sint</span> 
     </span>
     <span class='ocr_line' id='line_1_46' title="bbox 178 2244 1979 2283; baseline 0.003 -14"><span class='ocrx_word' id='word_1_617' title='bbox 178 2244 296 2277; x_wconf 89' lang='lat' dir='ltr'>primum</span> <span class='ocrx_word' id='word_1_618' title='bbox 320 2245 527 2277; x_wconf 86' lang='lat' dir='ltr'>quaternionem</span> <span class='ocrx_word' id='word_1_619' title='bbox 552 2248 579 2271; x_wconf 90' lang='lat' dir='ltr'>et</span> <span class='ocrx_word' id='word_1_620' title='bbox 602 2246 717 2272; x_wconf 88' lang='lat' dir='ltr'>alterius</span> <span class='ocrx_word' id='word_1_621' title='bbox 742 2248 931 2280; x_wconf 83' lang='lat' dir='ltr'>quaternionis</span> <span class='ocrx_word' id='word_1_622' title='bbox 955 2250 1089 2281; x_wconf 88' lang='lat' dir='ltr'>quattuor</span> <span class='ocrx_word' id='word_1_623' title='bbox 1115 2249 1184 2275; x_wconf 86' lang='lat' dir='ltr'>folia</span> <span class='ocrx_word' id='word_1_624' title='bbox 1211 2249 1312 2282; x_wconf 83' lang='lat' dir='ltr'>priora,</span> <span class='ocrx_word' id='word_1_625' title='bbox 1341 2249 1489 2283; x_wconf 79' lang='lat' dir='ltr'>Agricolae</span> <span class='ocrx_word' id='word_1_626' title='bbox 1516 2248 1585 2275; x_wconf 87' lang='lat' dir='ltr'>folia</span> <span class='ocrx_word' id='word_1_627' title='bbox 1613 2248 1837 2281; x_wconf 83' lang='lat' dir='ltr'>quattuordecim</span> <span class='ocrx_word' id='word_1_628' title='bbox 1865 2248 1979 2274; x_wconf 86' lang='lat' dir='ltr'>secundi</span> 
     </span>
     <span class='ocr_line' id='line_1_47' title="bbox 178 2289 1980 2327; baseline 0.003 -13"><span class='ocrx_word' id='word_1_629' title='bbox 178 2289 367 2322; x_wconf 89' lang='lat' dir='ltr'>quaternionis</span> <span class='ocrx_word' id='word_1_630' title='bbox 391 2292 521 2322; x_wconf 87' lang='lat' dir='ltr'>quattuor</span> <span class='ocrx_word' id='word_1_631' title='bbox 541 2290 608 2316; x_wconf 82' lang='lat' dir='ltr'>folia</span> <span class='ocrx_word' id='word_1_632' title='bbox 627 2291 789 2324; x_wconf 78' lang='lat' dir='ltr'>posteriora,</span> <span class='ocrx_word' id='word_1_633' title='bbox 809 2292 922 2318; x_wconf 89' lang='lat' dir='ltr'>tertium</span> <span class='ocrx_word' id='word_1_634' title='bbox 942 2293 1153 2326; x_wconf 83' lang='lat' dir='ltr'>quaternionem</span> <span class='ocrx_word' id='word_1_635' title='bbox 1173 2293 1320 2326; x_wconf 86' lang='lat' dir='ltr'>quartique</span> <span class='ocrx_word' id='word_1_636' title='bbox 1341 2293 1395 2319; x_wconf 89' lang='lat' dir='ltr'>duo</span> <span class='ocrx_word' id='word_1_637' title='bbox 1415 2293 1483 2319; x_wconf 86' lang='lat' dir='ltr'>folia</span> <span class='ocrx_word' id='word_1_638' title='bbox 1502 2293 1604 2327; x_wconf 86' lang='lat' dir='ltr'>priora,</span> <span class='ocrx_word' id='word_1_639' title='bbox 1624 2292 1735 2327; x_wconf 77' lang='lat' dir='ltr'>Dialogi</span> <span class='ocrx_word' id='word_1_640' title='bbox 1755 2292 1980 2326; x_wconf 82' lang='lat' dir='ltr'>quattuordecim</span> 
     </span>
     <span class='ocr_line' id='line_1_48' title="bbox 177 2332 1981 2371; baseline 0.003 -13"><span class='ocrx_word' id='word_1_641' title='bbox 177 2332 245 2359; x_wconf 85' lang='lat' dir='ltr'>folia</span> <span class='ocrx_word' id='word_1_642' title='bbox 265 2335 348 2366; x_wconf 86' lang='lat' dir='ltr'>atque</span> <span class='ocrx_word' id='word_1_643' title='bbox 368 2334 421 2359; x_wconf 88' lang='lat' dir='ltr'>duo</span> <span class='ocrx_word' id='word_1_644' title='bbox 442 2342 503 2360; x_wconf 91' lang='lat' dir='ltr'>cum</span> <span class='ocrx_word' id='word_1_645' title='bbox 523 2335 638 2361; x_wconf 92' lang='lat' dir='ltr'>dimidio</span> <span class='ocrx_word' id='word_1_646' title='bbox 659 2336 751 2369; x_wconf 84' lang='lat' dir='ltr'>quarti</span> <span class='ocrx_word' id='word_1_647' title='bbox 771 2337 961 2369; x_wconf 86' lang='lat' dir='ltr'>quaternionis</span> <span class='ocrx_word' id='word_1_648' title='bbox 985 2345 1032 2363; x_wconf 81' lang='lat' dir='ltr'>sex</span> <span class='ocrx_word' id='word_1_649' title='bbox 1051 2337 1119 2363; x_wconf 88' lang='lat' dir='ltr'>folia</span> <span class='ocrx_word' id='word_1_650' title='bbox 1138 2338 1293 2371; x_wconf 88' lang='lat' dir='ltr'>posteriora</span> <span class='ocrx_word' id='word_1_651' title='bbox 1312 2340 1340 2364; x_wconf 91' lang='lat' dir='ltr'>et</span> <span class='ocrx_word' id='word_1_652' title='bbox 1359 2338 1487 2371; x_wconf 86' lang='lat' dir='ltr'>quintum</span> <span class='ocrx_word' id='word_1_653' title='bbox 1507 2339 1591 2371; x_wconf 87' lang='lat' dir='ltr'>atque</span> <span class='ocrx_word' id='word_1_654' title='bbox 1611 2339 1718 2364; x_wconf 81' lang='lat' dir='ltr'>sextum</span> <span class='ocrx_word' id='word_1_655' title='bbox 1737 2337 1933 2371; x_wconf 85' lang='lat' dir='ltr'>quaterniones</span> <span class='ocrx_word' id='word_1_656' title='bbox 1952 2338 1981 2363; x_wconf 86' lang='lat' dir='ltr'>et</span> 
     </span>
     <span class='ocr_line' id='line_1_49' title="bbox 178 2377 1979 2416; baseline 0.003 -14"><span class='ocrx_word' id='word_1_657' title='bbox 178 2377 289 2410; x_wconf 87' lang='lat' dir='ltr'>septimi</span> <span class='ocrx_word' id='word_1_658' title='bbox 312 2377 409 2403; x_wconf 87' lang='lat' dir='ltr'>folium</span> <span class='ocrx_word' id='word_1_659' title='bbox 431 2378 558 2411; x_wconf 87' lang='lat' dir='ltr'>primum,</span> <span class='ocrx_word' id='word_1_660' title='bbox 579 2379 626 2405; x_wconf 86' lang='lat' dir='ltr'>sed</span> <span class='ocrx_word' id='word_1_661' title='bbox 646 2380 687 2405; x_wconf 87' lang='lat' dir='ltr'>ita</span> <span class='ocrx_word' id='word_1_662' title='bbox 705 2381 737 2405; x_wconf 90' lang='lat' dir='ltr'>ut</span> <span class='ocrx_word' id='word_1_663' title='bbox 756 2382 784 2406; x_wconf 88' lang='lat' dir='ltr'>et</span> <span class='ocrx_word' id='word_1_664' title='bbox 803 2381 874 2406; x_wconf 78' lang='lat' dir='ltr'>sexti</span> <span class='ocrx_word' id='word_1_665' title='bbox 894 2382 1084 2414; x_wconf 83' lang='lat' dir='ltr'>quaternionis</span> <span class='ocrx_word' id='word_1_666' title='bbox 1104 2390 1151 2408; x_wconf 81' lang='lat' dir='ltr'>sex</span> <span class='ocrx_word' id='word_1_667' title='bbox 1170 2381 1238 2408; x_wconf 86' lang='lat' dir='ltr'>folia</span> <span class='ocrx_word' id='word_1_668' title='bbox 1257 2382 1349 2416; x_wconf 85' lang='lat' dir='ltr'>priora</span> <span class='ocrx_word' id='word_1_669' title='bbox 1369 2382 1407 2415; x_wconf 88' lang='lat' dir='ltr'>(id</span> <span class='ocrx_word' id='word_1_670' title='bbox 1428 2382 1501 2415; x_wconf 87' lang='lat' dir='ltr'>quod</span> <span class='ocrx_word' id='word_1_671' title='bbox 1521 2382 1550 2407; x_wconf 91' lang='lat' dir='ltr'>in</span> <span class='ocrx_word' id='word_1_672' title='bbox 1570 2381 1759 2415; x_wconf 87' lang='lat' dir='ltr'>compluribus</span> <span class='ocrx_word' id='word_1_673' title='bbox 1774 2381 1885 2415; x_wconf 85' lang='lat' dir='ltr'>Dialogi</span> <span class='ocrx_word' id='word_1_674' title='bbox 1904 2381 1979 2408; x_wconf 86' lang='lat' dir='ltr'>codi-</span> 
     </span>
     <span class='ocr_line' id='line_1_50' title="bbox 179 2421 1980 2461; baseline 0.003 -15"><span class='ocrx_word' id='word_1_675' title='bbox 179 2421 255 2447; x_wconf 90' lang='lat' dir='ltr'>cibus</span> <span class='ocrx_word' id='word_1_676' title='bbox 275 2423 358 2455; x_wconf 88' lang='lat' dir='ltr'>atque</span> <span class='ocrx_word' id='word_1_677' title='bbox 373 2423 401 2447; x_wconf 90' lang='lat' dir='ltr'>in</span> <span class='ocrx_word' id='word_1_678' title='bbox 416 2422 469 2448; x_wconf 90' lang='lat' dir='ltr'>fine</span> <span class='ocrx_word' id='word_1_679' title='bbox 483 2422 657 2449; x_wconf 86' lang='lat' dir='ltr'>Perizoniani</span> <span class='ocrx_word' id='word_1_680' title='bbox 677 2424 853 2450; x_wconf 62' lang='lat' dir='ltr'>Germaniae»</span> <span class='ocrx_word' id='word_1_681' title='bbox 866 2425 961 2451; x_wconf 87' lang='lat' dir='ltr'>codice</span> <span class='ocrx_word' id='word_1_682' title='bbox 985 2426 1150 2452; x_wconf 84' lang='lat' dir='ltr'>adnotatum</span> <span class='ocrx_word' id='word_1_683' title='bbox 1170 2428 1222 2458; x_wconf 83' lang='lat' dir='ltr'>est)</span> <span class='ocrx_word' id='word_1_684' title='bbox 1246 2426 1303 2452; x_wconf 88' lang='lat' dir='ltr'>sive</span> <span class='ocrx_word' id='word_1_685' title='bbox 1322 2427 1461 2461; x_wconf 83' lang='lat' dir='ltr'>vetustate</span> <span class='ocrx_word' id='word_1_686' title='bbox 1474 2426 1537 2461; x_wconf 24' lang='lat' dir='ltr'>,sive</span> <span class='ocrx_word' id='word_1_687' title='bbox 1557 2435 1622 2458; x_wconf 75' lang='lat' dir='ltr'>casu</span> <span class='ocrx_word' id='word_1_688' title='bbox 1642 2425 1778 2458; x_wconf 83' lang='lat' dir='ltr'>deessent,</span> <span class='ocrx_word' id='word_1_689' title='bbox 1798 2434 1853 2459; x_wconf 85' lang='lat' dir='ltr'>qua</span> <span class='ocrx_word' id='word_1_690' title='bbox 1871 2426 1980 2452; x_wconf 85' lang='lat' dir='ltr'>iactura</span> 
     </span>
     <span class='ocr_line' id='line_1_51' title="bbox 179 2461 1978 2504; baseline 0.003 -14"><span class='ocrx_word' id='word_1_691' title='bbox 179 2474 251 2491; x_wconf 88' lang='lat' dir='ltr'>nunc</span> <span class='ocrx_word' id='word_1_692' title='bbox 271 2466 358 2492; x_wconf 83' lang='lat' dir='ltr'>oratio</span> <span class='ocrx_word' id='word_1_693' title='bbox 378 2466 468 2492; x_wconf 87' lang='lat' dir='ltr'>Taciti</span> <span class='ocrx_word' id='word_1_694' title='bbox 487 2467 537 2493; x_wconf 89' lang='lat' dir='ltr'>sub</span> <span class='ocrx_word' id='word_1_695' title='bbox 558 2469 639 2494; x_wconf 82' lang='lat' dir='ltr'>finem</span> <span class='ocrx_word' id='word_1_696' title='bbox 658 2469 759 2502; x_wconf 85' lang='lat' dir='ltr'>capitis</span> <span class='ocrx_word' id='word_1_697' title='bbox 779 2472 812 2494; x_wconf 82' lang='lat'>35</span> <span class='ocrx_word' id='word_1_698' title='bbox 832 2469 899 2501; x_wconf 86' lang='lat' dir='ltr'>hiat,</span> <span class='ocrx_word' id='word_1_699' title='bbox 921 2471 948 2495; x_wconf 89' lang='lat' dir='ltr'>et</span> <span class='ocrx_word' id='word_1_700' title='bbox 967 2461 1079 2504; x_wconf 73' lang='lat' dir='ltr'>septimi</span> <span class='ocrx_word' id='word_1_701' title='bbox 1098 2470 1289 2503; x_wconf 71' lang='lat' dir='ltr'>quaternionis</span> <span class='ocrx_word' id='word_1_702' title='bbox 1305 2470 1372 2496; x_wconf 75' lang='lat' dir='ltr'>&#39;folii&#39;</span> <span class='ocrx_word' id='word_1_703' title='bbox 1388 2469 1471 2504; x_wconf 77' lang='lat' dir='ltr'>primi</span> <span class='ocrx_word' id='word_1_704' title='bbox 1491 2465 1608 2496; x_wconf 77' lang='lat' dir='ltr'>dimidia</span> <span class='ocrx_word' id='word_1_705' title='bbox 1627 2478 1692 2504; x_wconf 86' lang='lat' dir='ltr'>pars</span> <span class='ocrx_word' id='word_1_706' title='bbox 1707 2470 1798 2496; x_wconf 87' lang='lat' dir='ltr'>Taciti</span> <span class='ocrx_word' id='word_1_707' title='bbox 1816 2470 1902 2496; x_wconf 85' lang='lat' dir='ltr'>verba</span> <span class='ocrx_word' id='word_1_708' title='bbox 1916 2478 1978 2497; x_wconf 90' lang='lat' dir='ltr'>con-</span> 
     </span>
     <span class='ocr_line' id='line_1_52' title="bbox 180 2510 1980 2548; baseline 0.003 -14"><span class='ocrx_word' id='word_1_709' title='bbox 180 2510 288 2541; x_wconf 80' lang='lat' dir='ltr'>tineret,</span> <span class='ocrx_word' id='word_1_710' title='bbox 304 2510 466 2536; x_wconf 85' lang='lat' dir='ltr'>Suetoniani</span> <span class='ocrx_word' id='word_1_711' title='bbox 480 2511 569 2537; x_wconf 88' lang='lat' dir='ltr'>libelli</span> <span class='ocrx_word' id='word_1_712' title='bbox 585 2514 691 2546; x_wconf 87' lang='lat' dir='ltr'>septem</span> <span class='ocrx_word' id='word_1_713' title='bbox 706 2513 774 2539; x_wconf 85' lang='lat' dir='ltr'>folia</span> <span class='ocrx_word' id='word_1_714' title='bbox 789 2514 900 2547; x_wconf 81' lang='lat' dir='ltr'>septimi</span> <span class='ocrx_word' id='word_1_715' title='bbox 921 2515 1111 2547; x_wconf 78' lang='lat' dir='ltr'>quaternionis</span> <span class='ocrx_word' id='word_1_716' title='bbox 1131 2514 1239 2548; x_wconf 81' lang='lat' dir='ltr'>reliqua</span> <span class='ocrx_word' id='word_1_717' title='bbox 1259 2514 1326 2540; x_wconf 79' lang='lat' dir='ltr'>folia</span> <span class='ocrx_word' id='word_1_718' title='bbox 1346 2516 1461 2548; x_wconf 84' lang='lat' dir='ltr'>septem,</span> <span class='ocrx_word' id='word_1_719' title='bbox 1482 2516 1514 2541; x_wconf 88' lang='lat' dir='ltr'>ut</span> <span class='ocrx_word' id='word_1_720' title='bbox 1533 2523 1604 2547; x_wconf 87' lang='lat' dir='ltr'>eum,</span> <span class='ocrx_word' id='word_1_721' title='bbox 1624 2515 1672 2547; x_wconf 89' lang='lat' dir='ltr'>qui</span> <span class='ocrx_word' id='word_1_722' title='bbox 1691 2514 1720 2540; x_wconf 90' lang='lat' dir='ltr'>in</span> <span class='ocrx_word' id='word_1_723' title='bbox 1739 2514 1834 2540; x_wconf 87' lang='lat' dir='ltr'>codice</span> <span class='ocrx_word' id='word_1_724' title='bbox 1854 2514 1980 2541; x_wconf 86' lang='lat' dir='ltr'>Aesinati</span> 
     </span>
     <span class='ocr_line' id='line_1_53' title="bbox 181 2554 1981 2593; baseline 0.003 -15"><span class='ocrx_word' id='word_1_725' title='bbox 181 2561 227 2579; x_wconf 84' lang='lat' dir='ltr'>sex</span> <span class='ocrx_word' id='word_1_726' title='bbox 253 2554 321 2580; x_wconf 83' lang='lat' dir='ltr'>folia</span> <span class='ocrx_word' id='word_1_727' title='bbox 343 2554 490 2588; x_wconf 85' lang='lat' dir='ltr'>Agricolae</span> <span class='ocrx_word' id='word_1_728' title='bbox 517 2556 666 2589; x_wconf 86' lang='lat' dir='ltr'>suppleret,</span> <span class='ocrx_word' id='word_1_729' title='bbox 694 2559 721 2583; x_wconf 89' lang='lat' dir='ltr'>et</span> <span class='ocrx_word' id='word_1_730' title='bbox 749 2557 810 2591; x_wconf 89' lang='lat' dir='ltr'>ipso</span> <span class='ocrx_word' id='word_1_731' title='bbox 838 2558 941 2584; x_wconf 83' lang='lat' dir='ltr'>codicis</span> <span class='ocrx_word' id='word_1_732' title='bbox 970 2558 1149 2585; x_wconf 86' lang='lat' dir='ltr'>Henochiano</span> <span class='ocrx_word' id='word_1_733' title='bbox 1179 2568 1258 2585; x_wconf 90' lang='lat' dir='ltr'>usum</span> <span class='ocrx_word' id='word_1_734' title='bbox 1282 2567 1342 2585; x_wconf 89' lang='lat' dir='ltr'>esse</span> <span class='ocrx_word' id='word_1_735' title='bbox 1365 2561 1394 2585; x_wconf 88' lang='lat' dir='ltr'>et</span> <span class='ocrx_word' id='word_1_736' title='bbox 1417 2559 1538 2592; x_wconf 85' lang='lat' dir='ltr'>speciem</span> <span class='ocrx_word' id='word_1_737' title='bbox 1562 2559 1621 2585; x_wconf 87' lang='lat' dir='ltr'>eius</span> <span class='ocrx_word' id='word_1_738' title='bbox 1650 2559 1803 2593; x_wconf 83' lang='lat' dir='ltr'>exprimere</span> <span class='ocrx_word' id='word_1_739' title='bbox 1831 2558 1981 2593; x_wconf 86' lang='lat' dir='ltr'>diligenter</span> 
     </span>
     <span class='ocr_line' id='line_1_54' title="bbox 182 2598 1979 2637; baseline 0.003 -14"><span class='ocrx_word' id='word_1_740' title='bbox 182 2598 319 2624; x_wconf 84' lang='lat' dir='ltr'>studuisse</span> <span class='ocrx_word' id='word_1_741' title='bbox 339 2599 480 2634; x_wconf 85' lang='lat' dir='ltr'>adpareat.</span> <span class='ocrx_word' id='word_1_742' title='bbox 515 2599 610 2634; x_wconf 79' lang='lat' dir='ltr'>Neque</span> <span class='ocrx_word' id='word_1_743' title='bbox 629 2610 757 2628; x_wconf 88' lang='lat' dir='ltr'>numerus</span> <span class='ocrx_word' id='word_1_744' title='bbox 774 2610 900 2628; x_wconf 85' lang='lat' dir='ltr'>versuum</span> <span class='ocrx_word' id='word_1_745' title='bbox 920 2603 1091 2637; x_wconf 77' lang='lat' dir='ltr'>singulorum</span> <span class='ocrx_word' id='word_1_746' title='bbox 1111 2603 1269 2630; x_wconf 87' lang='lat' dir='ltr'>libellorum</span> <span class='ocrx_word' id='word_1_747' title='bbox 1288 2604 1392 2630; x_wconf 81' lang='lat' dir='ltr'>notatis</span> <span class='ocrx_word' id='word_1_748' title='bbox 1411 2603 1567 2630; x_wconf 85' lang='lat' dir='ltr'>Decembrii</span> <span class='ocrx_word' id='word_1_749' title='bbox 1588 2603 1758 2636; x_wconf 51' lang='lat' dir='ltr'>adstruatur,</span> <span class='ocrx_word' id='word_1_750' title='bbox 1782 2604 1806 2635; x_wconf 81' lang='lat' dir='ltr'>si</span> <span class='ocrx_word' id='word_1_751' title='bbox 1824 2611 1918 2634; x_wconf 78' lang='lat' dir='ltr'>versus</span> <span class='ocrx_word' id='word_1_752' title='bbox 1931 2603 1979 2636; x_wconf 47' lang='lat' dir='ltr'>,in-</span> 
     </span>
    </p>
   </div>
  </div>
 </body>
</html>
