2112 2891
80 213 165 236 naht
658 208 827 235 CORNELII
846 208 963 235 TACITI
985 208 1187 235 AGRICOLAE
1211 212 1311 234 19—23
1849 209 1881 239 ll

80 291 223 323 adsidere
249 291 364 323 clausis
388 291 511 323 horreis
535 293 566 322 et
590 301 692 322 emere
718 290 801 322 ultro
826 291 985 322 frumenta
1005 302 1039 321 ac
1063 290 1148 322 luere
1168 290 1271 331 pretio
1292 290 1496 332 cogebantur,
1520 290 1663 321 devortia
1687 290 1833 321 itinerum
1855 293 1886 321 et

82 336 297 378 longinquitas
322 336 487 378 regionum
514 335 722 376 indicebatur,
745 337 780 366 ut
804 335 948 366 civitates
970 346 1027 376 pro
1051 335 1205 376 proximis
1226 334 1366 366 hibernis
1388 335 1420 366 in
1440 337 1560 366 remota
1580 336 1611 365 et
1631 335 1700 365 avia
1721 335 1886 374 deferrent,

81 381 190 421 donec,
214 381 299 421 quod
322 381 471 412 omnibus
496 380 527 411 in
552 384 702 421 promptu
728 382 805 420 erat,
829 381 938 421 paucis
962 381 1123 411 lucrosum
1149 382 1246 410 fieret.

192 424 277 456 Haec
301 426 403 466 primo
428 425 535 456 statim
559 435 640 455 anno
666 424 902 465 comprimendo
928 425 1088 466 egregiam
1113 425 1226 455 famam
1252 425 1323 465 paci
1348 424 1563 459 circumdedit,
1588 434 1667 464 quae
1692 423 1741 454 vel
1766 424 1885 454 incuria
1903 427 1939 453 20

54 480 65 500 5
81 469 131 501 vel
155 469 359 501 intolerantia
383 470 523 510 priorum
548 469 633 500 haud
658 469 762 500 minus
788 480 883 510 quam
910 469 1025 500 bellum
1053 469 1231 500 timebatur.
1273 468 1334 499 Sed
1359 468 1412 499 ubi
1437 470 1540 499 aestas
1565 468 1699 508 advenit,
1723 470 1885 499 contracto

81 514 220 545 exercitu
246 514 366 545 multus
391 515 423 545 111
447 514 573 556 agmine
598 513 726 545 laudare
751 513 948 554 modestiam,
973 514 1121 545 disiectos
1146 516 1299 553 coercere,
1322 513 1393 544 loca
1416 513 1527 543 castris
1554 513 1619 554 ipse
1644 523 1765 554 capere,
1786 515 1887 543 aestu-

80 558 147 589 aria
174 570 210 589 ac
239 559 335 590 silvas
364 559 432 600 ipse
460 560 703 599 praetemptare,
732 560 764 589 et
787 557 867 588 nihil
893 558 1020 589 interim
1045 558 1128 599 apud
1153 558 1261 589 hostes
1286 558 1427 598 quietum
1453 558 1529 599 pati,
1554 568 1617 598 quo
1643 557 1746 588 minus
1772 557 1886 587 subitis

81 603 265 634 excursibus
294 603 508 645 popularetur,
538 605 641 643 atque,
666 603 720 634 ubi
745 602 822 634 satis
851 605 1014 643 terruerat,
1044 603 1201 644 parcendo
1231 613 1340 633 rursus
1370 603 1572 633 inritamenta
1599 602 1687 643 pacis
1719 603 1886 632 ostentare.

81 647 204 685 Quibus
233 647 327 679 rebus
357 647 475 679 multae
504 647 659 687 civitates,
687 658 767 688 quae
796 648 829 678 in
853 647 944 678 illum
969 647 1051 679 diem
1077 658 1112 678 ex
1140 658 1239 688 aequo
1265 650 1403 689 egerant,
1433 647 1514 677 datis
1540 646 1705 678 obsidibus
1730 646 1809 677 iram
1834 657 1887 687 po—

41 703 66 722 1ο
81 703 180 733 suere,
204 695 235 723 et
258 692 424 734 praesidiis
449 692 652 733 castellisque
676 691 887 723 circumdatae
912 694 1001 723 tanta
1024 692 1146 724 ratione
1172 702 1317 732 curaque,
1342 694 1378 722 nt
1402 693 1489 722 nulla
1514 694 1585 722 ante
1605 690 1781 722 Brittaniae
1806 702 1888 722 nova

82 748 153 777 pars
172 738 294 777 pariter
318 736 498 768 inlacessita
521 737 690 767 transierit.

170 781 310 823 Sequens
330 781 433 812 hiems
454 781 670 812 saluberrimis
691 780 833 812 consiliis
853 781 1030 822 absumpta.
1066 781 1223 822 Namque,
1243 783 1278 812 ut
1298 781 1443 812 homines
1464 781 1598 821 dispersi
1618 790 1653 811 ac
1673 780 1767 811 rudes
1787 791 1887 821 eoque
1905 788 1911 797 ·

82 826 112 857 in
138 826 220 858 bella
244 826 352 858 faciles
377 826 477 867 quieti
501 827 531 857 et
556 826 622 857 otio
647 836 703 866 per
727 826 907 866 voluptates
933 826 1160 867 adsuescerent,
1184 826 1306 857 hortari
1330 825 1490 867 privatim,
1518 825 1666 856 adiuvare
1695 824 1830 866 publice,
1855 826 1890 855 ut

82 870 209 912 templa,
228 871 306 911 fora,
326 870 437 902 domos
461 872 652 910 extruerent,
672 870 830 901 laudando
856 872 1032 911 promptos,
1057 871 1242 912 castigando
1268 881 1392 912 segnes:
1418 870 1462 901 ita
1487 869 1618 901 honoris
1639 869 1810 900 aemulatio
1830 880 1888 910 pro

41 924 66 944 ιο
80 915 268 947 necessitate
293 917 367 946 erat.
414 915 481 946 Iam
505 925 580 946 vero
604 915 784 956 principum
814 915 898 946 filios
923 915 1107 946 liberalibus
1137 915 1260 946 artibus
1290 915 1413 945 erudire
1438 916 1469 945 et
1496 914 1622 956 ingenia
1645 914 1888 945 Brittannorum

81 959 196 991 studiis
225 958 389 991 Gallorum
419 959 585 1000 anteferre,
613 961 657 999 ut,
686 960 741 1000 qui
765 959 859 990 modo
889 959 1031 1001 linguam
1061 960 1236 991 Romanam
1269 959 1460 999 abnuebant,
1494 959 1710 999 eloquentiam
1743 959 1891 1000 concupi-

81 1006 211 1036 scerent.
257 1004 334 1036 Inde
358 1004 454 1036 etiam
478 1004 607 1035 habitus
631 1005 732 1035 nostri
757 1003 860 1035 honor
884 1006 915 1035 et
939 1005 1087 1045 frequens
1116 1007 1201 1046 toga.
1249 1004 1469 1044 Paulatimque
1499 1003 1683 1035 descensum
1712 1003 1751 1034 ad
1775 1003 1890 1034 deleni-

81 1051 187 1081 menta
210 1049 372 1089 vitiorum,
395 1049 537 1090 porticus
562 1051 593 1080 et
619 1049 741 1080 balinea
765 1051 796 1079 et
816 1049 1034 1080 conviviorum
1056 1049 1255 1091 elegantiam.
1295 1048 1393 1089 quue
1418 1048 1502 1089 apud
1523 1048 1688 1089 imperitos
1708 1048 1890 1079 huma-nitas

81 1094 264 1135 vocabatur,
288 1104 359 1125 cum
382 1104 456 1135 pars
481 1093 645 1125 servitutis
670 1096 758 1125 esset.

41 1148 66 1166 20
191 1138 317 1169 Tertius
350 1138 587 1179 expeditionum
621 1149 722 1169 annus
756 1149 852 1169 novas
887 1141 996 1180 gentes
1030 1138 1154 1180 aperuit
1188 1138 1319 1169 vastatis
1348 1148 1447 1178 usque
1477 1138 1514 1168 ad
1544 1137 1686 1169 Tanaum
1716 1136 1888 1179 (aestuario
1907 1145 1914 1155 ⁸

81 1194 196 1215 nomen
224 1181 286 1225 est)
317 1183 509 1214 nationibus.
557 1182 625 1220 Qua
653 1183 824 1214 formidine
858 1183 960 1214 territi
990 1183 1097 1214 hostes
1127 1193 1319 1224 quamquam
1349 1182 1567 1213 conflictatum
1592 1182 1694 1213 saevis
1719 1184 1890 1224 tempesta-

81 1228 166 1259 tibus
190 1228 364 1259 exercitum
393 1227 546 1259 lacessere
570 1238 634 1259 non
654 1228 731 1268 ausi,
755 1228 973 1269 ponendisque
995 1228 1124 1269 insuper
1143 1228 1281 1258 castellis
1302 1228 1439 1268 spatium
1460 1227 1530 1258 fuit.
1570 1226 1776 1258 Adnotabant
1795 1226 1889 1268 periti

81 1283 145 1304 non
169 1273 266 1304 alium
292 1272 402 1304 ducem
427 1273 683 1314 opportunitates
708 1272 851 1303 locorum
877 1273 1052 1313 sapientius
1076 1271 1204 1314 legisse:
1231 1274 1352 1303 nullum
1378 1272 1416 1302 ab
1440 1271 1593 1313 Agricola
1616 1271 1756 1313 positum
1782 1271 1891 1302 castel-

81 1318 147 1348 lum
175 1319 230 1348 aut
258 1317 288 1347 vi
317 1317 457 1348 hostium
488 1318 704 1359 expugnatum
737 1319 793 1348 aut
826 1317 972 1358 pactione
1001 1328 1036 1348 ac
1065 1318 1142 1359 fuga
1175 1317 1333 1348 desertum
1364 1316 1526 1356 [craebrae
1560 1316 1759 1357 eruptionis]
1806 1315 1890 1347 Nam

41 1369 66 1389 ’ὁ
81 1362 231 1393 adversus
256 1373 361 1392 moras
382 1361 557 1393 obsidionis
577 1362 691 1392 annuis
711 1362 811 1402 copiis
831 1361 1049 1392 firmabantur.
1088 1361 1136 1392 Ita
1157 1361 1314 1402 intrepida
1329 1361 1374 1391 ibi
1390 1360 1502 1402 hiems,
1517 1362 1548 1391 et
1568 1360 1629 1391 sibi
1649 1361 1783 1402 quisque
1805 1372 1890 1402 prae-

81 1406 162 1438 sidio
187 1406 292 1438 inritis
312 1406 458 1438 hostibus
478 1417 578 1447 eoque
598 1406 849 1447 desperantibus,
869 1407 945 1447 quia
964 1406 1051 1438 soliti
1072 1407 1257 1447 plerumque
1278 1406 1392 1436 damna
1412 1405 1540 1436 aestatis
1561 1405 1703 1436 hibernis
1724 1405 1890 1436 eventibus

81 1462 212 1492 pensare
231 1453 299 1482 tum
319 1452 439 1482 aestate
458 1453 553 1492 atque
573 1451 676 1482 hieme
696 1451 786 1482 iuxta
806 1451 1012 1492 pellebantur.
1051 1450 1119 1483 Nec
1138 1450 1291 1492 Agricola
1313 1462 1466 1491 umquam
1486 1461 1542 1491 per
1563 1450 1644 1481 alios
1667 1452 1758 1492 gesta
1780 1450 1890 1481 avidus

82 1495 262 1536 intercepit:
288 1507 342 1527 seu
362 1495 505 1527 centurio
525 1507 580 1527 seu
605 1496 781 1536 praefectus
802 1496 1022 1536 incorruptum
1043 1496 1118 1526 facti
1139 1497 1253 1526 testem
1273 1495 1418 1526 habebat.
1458 1494 1553 1536 Apud
1574 1495 1726 1535 quosdam
1748 1494 1891 1526 acerbior

82 1540 114 1572 111
134 1539 286 1572 conviciis
305 1540 508 1571 narrabatur:
529 1542 564 1571 ut
584 1543 651 1571 erat
671 1541 771 1572 comis
793 1540 894 1580 bonis,
914 1540 959 1571 ita
978 1541 1128 1571 adversus
1148 1540 1251 1571 malos
1271 1539 1470 1571 iniucundus.
1504 1539 1650 1570 Ceterum
1671 1551 1709 1570 ex
1728 1539 1890 1570 iracundia

41 1592 67 1611 ³⁰
81 1584 162 1616 nihil
186 1587 252 1616 erat
277 1587 443 1625 secretum,
468 1587 502 1616 ut
527 1585 687 1616 silentium
713 1585 780 1616 eius
806 1596 870 1616 non
894 1585 1035 1616 timeres:
1060 1585 1225 1615 honestius
1251 1585 1384 1626 putabat
1409 1584 1567 1615 offendere
1592 1595 1687 1624 quam
1713 1584 1826 1615 odisse.

192 1630 311 1667 Quarta
335 1631 437 1661 aestas
461 1629 651 1670 obtinendis,
675 1641 755 1670 quae
780 1632 1028 1670 percucurrerat,
1057 1630 1231 1673 insumpta:
1261 1641 1296 1661 ac
1326 1628 1353 1659 si
1383 1628 1484 1660 virtus
1509 1629 1667 1660 exercitus
1696 1631 1727 1660 et
1752 1629 1887 1660 Romani
1907 1637 1914 1646 ·

81 1674 218 1706 nominis
243 1674 345 1716 gloria
370 1675 541 1715 pateretur,
566 1674 713 1705 inventus
739 1675 770 1705 in
793 1674 858 1715 ipsa
883 1674 1040 1705 Brittania
1061 1674 1222 1705 terminus.
1261 1674 1407 1715 Namque
1430 1673 1529 1704 (noda
1549 1675 1581 1704 et
1600 1673 1755 1705 Bodotria
1774 1673 1889 1705 diversi

189 1783 202 1805 1
219 1770 486 1813 adsidereladsi(lere
500 1783 532 1812 Η,
548 1788 614 1806 corr.
632 1789 715 1814 mpr:
789 1780 905 1815 horreis]
922 1764 1007 1807 311815
1023 1783 1055 1811 Η,
1070 1789 1136 1806 corr.
1154 1788 1247 1813 m.pr.,
1263 1779 1375 1805 hordeis
1390 1789 1406 1804 a.
1423 1788 1505 1813 napta
1580 1780 1665 1814 luere]
1682 1779 1777 1805 ludere
1793 1782 1829 1804 ab

80 1815 181 1850 pretio]
201 1815 311 1849 praecio
331 1817 355 1840 Η
443 1816 568 1842 devortia
587 1816 714 1849 Lipsius:
734 1816 855 1842 diuortia
870 1817 955 1841 Habt
1046 1820 1059 1841 ’.Ξ
1080 1815 1281 1849 longinquitas]
1302 1815 1474 1848 loginquitas
1494 1818 1518 1840 H
1604 1815 1744 1849 civitates]
1766 1814 1891 1840 ciuitatis

81 1854 106 1877 H
124 1860 158 1877 m.
169 1860 213 1884 pr.
291 1859 353 1885 pro
372 1852 436 1878 aad.
452 1852 648 1886 Bezzenberyer
730 1851 862 1886 hibernis]
884 1851 1015 1885 hybernis
1035 1861 1051 1876 a
1134 1854 1148 1877 3
1169 1851 1197 1876 in
1215 1851 1357 1885 promptu]
1378 1851 1549 1884 impromptu
1570 1856 1581 1877 t
1658 1853 1674 1876 4
1693 1851 1810 1885 incuria]
1833 1851 1891 1876 sine

81 1886 158 1913 curia
177 1889 201 1912 H
220 1895 252 1912 m.
265 1895 317 1920 pr.‚
338 1882 396 1922 tinss
416 1887 523 1913 incuria
542 1889 566 1912 Η
585 1896 651 1913 corr.
667 1896 700 1913 m.
717 1889 800 1921 antiq.
876 1891 890 1913 5
910 1887 1098 1921 intolerantia]
1120 1886 1311 1912 intollerantia
1330 1891 1363 1911 at
1431 1886 1516 1921 haud]
1538 1887 1606 1912 haut
1625 1890 1650 1912 H
1670 1896 1701 1912 m.
1715 1896 1758 1920 pr.
1828 1894 1891 1912 con-

81 1940 181 1974 tracto]
199 1941 342 1966 contractu
361 1943 385 1966 H
406 1950 437 1967 m..
450 1950 492 1974 Ρν,
567 1943 582 1966 6
602 1940 716 1975 multus]
733 1940 851 1967 multum
867 1950 883 1966 a
903 1950 935 1967 ex
954 1950 1020 1967 corr,
1036 1943 1052 1966 b
1121 1940 1257 1974 coercere]
1279 1940 1424 1966 cohercere
1443 1943 1529 1966 Habt
1597 1940 1747 1975 aestuaria]
1769 1928 1892 1966 aestiiria

81 1978 114 2008 Η,
133 1985 199 2002 corr.
217 1985 248 2001 m.
260 1985 304 2009 pr.
380 1979 392 2001 7
413 1977 628 2010 praetemptare]
649 1977 807 2011 pretentare
826 1979 841 2002 b
920 1977 1005 2011 apud]
1031 1978 1100 2010 aput
1119 1979 1143 2001 H
1161 1985 1194 2002 m.
1206 1985 1250 2010 pr.
1329 1976 1433 2009 hostes}
1454 1976 1542 2002 hostis
1562 1979 1577 2001 b
1661 1980 1676 2002 8
1700 1976 1889 2010 inritamenta]

82 2011 257 2037 irritamenta
276 2014 300 2037 H
315 2021 347 2038 m.
363 2021 410 2039 sec.
427 2022 442 2037 a.
463 2021 494 2038 ηι.
509 2021 551 2045 pr.
571 2015 612 2043 bt,
632 2012 813 2038 incitamenta
833 2022 849 2037 a
868 2021 900 2039 ca·
920 2022 986 2039 corr.
1054 2015 1085 2039 10
1102 2012 1191 2045 tauta]
1208 2013 1236 2037 et
1250 2012 1330 2038 tanta
1345 2014 1411 2044 abt,
1428 2012 1458 2037 in
1472 2014 1496 2036 H
1511 2022 1545 2038 m.
1561 2013 1645 2046 emtiq.
1661 2013 1725 2039 add.
1742 2013 1763 2037 Δὶ
1819 2012 1890 2037 Brit-

81 2065 183 2099 taniae]
199 2054 334 2099 brittaiiia
353 2068 377 2090 H
396 2074 429 2091 ex
448 2074 514 2092 corr.
531 2074 564 2091 m.
580 2067 673 2099 antiss,
699 2066 859 2092 Britanniae
878 2069 928 2097 ab,
957 2066 1128 2091 brittanniae
1151 2070 1184 2091 t‘?
1277 2069 1305 2091 11
1328 2067 1461 2099 pariter
1486 2066 1548 2091 add.
1571 2066 1803 2092 Weissenbornius

81 2100 251 2135 inlacessita]
272 2100 426 2127 illucessita
444 2104 481 2127 ab
575 2105 605 2127 12
625 2101 724 2136 hiems]
745 2102 853 2135 hiemps
873 2104 905 2134 11,
925 2102 1041 2135 hyemps
1061 2106 1081 2133 t,
1100 2102 1196 2134 hyems
1216 2104 1252 2126 ab
1345 2101 1545 2136 saluberrimis]
1568 2101 1766 2127 saluberrimus
1786 2104 1802 2126 b

82 2136 229 2170 absumpta
248 2137 408 2163 Rhenanus:
429 2137 577 2170 adsumpta
592 2139 677 2163 Habt
742 2140 773 2163 13
789 2138 817 2162 111
832 2137 906 2163 bella
922 2138 1035 2164 Rosius:
1056 2137 1085 2162 in
1104 2136 1177 2162 bello
1193 2139 1279 2162 Habt
1342 2136 1430 2170 quieti
1450 2138 1477 2162 et
1493 2137 1560 2171 otio]
1578 2137 1659 2170 qui&i
1680 2137 1709 2162 in
1724 2137 1780 2163 otio
1796 2139 1828 2169 H,
1847 2137 1892 2163 sed

82 2173 112 2197 in
125 2173 249 2206 marqine
263 2172 326 2198 add.
342 2181 375 2198 m.
386 2181 433 2198 sec.
446 2174 473 2198 et
488 2172 554 2204 otio,
570 2173 617 2206 qui
633 2173 654 2198 d:
670 2173 699 2198 in
713 2173 770 2199 otio
786 2177 805 2206 t,
821 2173 909 2206 quieti
923 2174 951 2198 et
966 2173 1026 2199 ocio
1041 2175 1056 2198 b
1113 2173 1317 2207 adsuescerent]
1330 2174 1521 2198 assuescerent
1534 2175 1550 2198 b
1607 2173 1748 2206 adiuvare]
1762 2172 1892 2198 adiuuari

81 2209 106 2232 H
120 2216 204 2241 m.p1·.
263 2211 294 2233 14
310 2208 484 2242 castigando]
501 2210 529 2234 et
544 2209 707 2242 castiga-ndo
723 2211 759 2234 ab
825 2209 936 2235 honoris
951 2208 1112 2243 aemulatio]
1130 2208 1216 2234 honor
1231 2210 1259 2234 et
1274 2208 1424 2234 aemulatio
1439 2211 1463 2233 H
1478 2217 1562 2242 mpr.
1625 2211 1656 2234 15
1672 2208 1890 2241 Erittannorum]

82 2243 266 2269 brittanorum
286 2246 310 2268 H
328 2252 361 2270 m.
376 2253 427 2276 mn,
447 2244 637 2270 britannorum
657 2247 681 2270 H
695 2254 728 2271 m.
744 2253 792 2271 sec.
808 2247 884 2270 abt?
959 2247 989 2270 17
1016 2244 1176 2270 descensum
1201 2245 1335 2270 Pit-hena:
1361 2244 1512 2270 discessum
1536 2247 1621 2269 Habt
1694 2244 1890 2275 delenimenta]

83 2296 263 2322 delinimenta
282 2306 307 2329 a,
331 2296 529 2323 deliniamenta
548 2300 563 2322 b
639 2300 670 2324 18
689 2297 811 2332 balinea]
833 2287 934 2324 baldea
953 2307 977 2327 a,
998 2298 1111 2323 balneas
1130 2300 1155 2327 b,
1175 2299 1205 2324 in
1224 2300 1248 2323 Η
1268 2298 1331 2324 ιιιΙιΙΔ
1348 2299 1377 2324 in
1398 2299 1520 2331 ηιαιῃίιιε
1539 2297 1641 2324 balnea
1714 2298 1799 2332 apud]
1822 2298 1890 2330 aput

82 2334 106 2357 H
124 2341 158 2358 m.
172 2341 214 2366 pr.
279 2335 312 2358 20
332 2333 438 2367 gentes]
459 2334 549 2367 gentis
568 2335 583 2358 b
649 2334 684 2359 ad
703 2333 839 2368 Tanaum]
862 2335 890 2360 ιή
909 2336 934 2359 H
952 2338 976 2360 et
995 2338 1006 2359 t
1026 2333 1088 2359 add.
1106 2335 1135 2360 in
1156 2335 1277 2367 maryine
1296 2334 1332 2359 ad
1352 2335 1436 2365 taum,
1457 2334 1487 2359 in
1506 2343 1522 2359 a.
1541 2333 1615 2359 'Faus
1636 2333 1694 2359 siue
1714 2333 1824 2359 Tan-:ms

82 2371 115 2393 22
135 2368 206 2402 ausi]
228 2368 292 2393 auxi
311 2371 336 2393 H
355 2377 387 2394 m.
400 2377 443 2402 pr.
527 2368 659 2404 castellis]
680 2370 710 2396 in
729 2372 753 2394 H
773 2373 795 2395 et
815 2379 830 2394 a
850 2370 912 2396 add.
931 2371 959 2396 in
980 2370 1101 2403 maryi‘ne
1120 2368 1183 2395 telis
1271 2373 1303 2395 '23
1324 2369 1558 2404 opportunitates]
1580 2369 1784 2403 oportunitates
1804 2371 1819 2393 b

83 2404 116 2430 ab
136 2403 267 2437 Agricola
287 2406 337 2429 ab:
358 2404 482 2438 agricola
501 2405 596 2436 111,ἰή
610 2407 634 2430 H
652 2405 713 2431 add.
730 2414 762 2431 m.
779 2414 826 2431 sec.
844 2406 874 2431 in
890 2407 1011 2439 mai-qino
1031 2405 1065 2430 ab
1157 2407 1189 2430 24
1211 2405 1252 2439 ac]
1279 2406 1328 2430 aut
1347 2408 1371 2436 b,
1392 2406 1422 2431 in
1440 2407 1464 2430 H
1483 2405 1546 2431 add.
1572 2406 1602 2431 in
1626 2406 1748 2439 marqine
1772 2406 1820 2429 ant

84 2439 224 2473 [craebrae
248 2439 412 2474 eruptionis]
438 2440 533 2466 delevi:
557 2441 588 2466 in
611 2443 635 2465 H
658 2450 691 2466 m.
706 2450 754 2467 sec.
780 2441 909 2467 craebrae
933 2441 1091 2474 eruptiones
1115 2449 1192 2471 corr„
1212 2440 1324 2466 crebrae
1349 2440 1507 2474 eruptiones
1527 2443 1582 2466 abt
1673 2443 1706 2465 ⁵25
1726 2439 1888 2471 obsidionis]

83 2476 234 2508 eruptionis
253 2475 404 2501 obsidionis
424 2485 439 2500 a
521 2475 630 2510 annuis]
652 2476 750 2502 adnuis
769 2479 802 2507 H,
822 2485 888 2503 corr.
906 2486 937 2502 m.
953 2485 1002 2503 rec.
1090 2476 1188 2510 hiems]
1208 2476 1316 2510 hiemps
1336 2479 1367 2508 Η,
1387 2477 1475 2509 iemps
1495 2480 1515 2508 t,
1534 2476 1631 2509 hyems
1651 2485 1666 2501 a
1740 2475 1889 2509 praesidio]

82 2510 219 2544 pressidio
240 2519 256 2535 a
311 2513 343 2536 '27
364 2511 464 2545 hieme]
486 2511 584 2544 hyeme
603 2514 640 2537 ab
696 2512 783 2546 iuxta]
800 2512 875 2538 iusta
889 2517 910 2537 t*
957 2512 1064 2546 avidus]
1081 2512 1191 2537 auidius
1206 2514 1222 2537 b
1279 2515 1310 2537 23
1328 2511 1420 2546 Apud]
1438 2513 1506 2545 aput
1521 2514 1544 2537 H
1561 2521 1592 2537 ηι.
1606 2521 1648 2545 pr.
1706 2514 1738 2537 29
1759 2510 1889 2537 conviciis

82 2548 107 2571 H
125 2553 159 2572 m.
174 2554 222 2572 sec.
243 2555 258 2571 a
278 2555 310 2572 m.
325 2555 386 2573 sea:
407 2547 538 2573 conuitiis
557 2549 582 2572 H
602 2556 633 2573 m.
645 2556 689 2581 pr.
705 2552 725 2580 t,
745 2548 881 2574 conuiuiis
901 2557 917 2573 a.
938 2557 969 2574 m.
984 2557 1025 2581 pr.
1042 2550 1056 2573 b
1120 2547 1296 2582 injucundus]
1323 2548 1486 2573 injocundus
1506 2557 1522 2573 n.
1586 2547 1724 2581 Ceterum]
1746 2546 1889 2572 Coeterum

83 2590 107 2613 a,
127 2583 250 2617 ceterum
268 2584 284 2607 b
367 2585 399 2608 30
420 2584 481 2609 erat
499 2585 523 2608 Η
543 2592 575 2608 m.
588 2591 645 2616 pta:
666 2585 810 2617 supererat
829 2586 853 2608 H
871 2592 904 2609 m,
920 2592 968 2610 sec.
985 2586 1039 2609 abt
1122 2586 1152 2608 31
1174 2584 1394 2618 percucurrerat]
1419 2584 1594 2617 percurrerat
1612 2586 1627 2608 b
1710 2582 1847 2608 exercitus
1867 2584 1890 2606 Η

83 2625 115 2642 m.
132 2625 184 2650 pn:
205 2617 374 2643 exercituum
395 2620 419 2643 Η
439 2627 470 2644 m.
486 2626 532 2644 see.
550 2621 608 2644 abt
681 2622 713 2644 32
733 2619 833 2654 gloria]
855 2627 903 2645 om.
920 2622 935 2644 b
1014 2619 1152 2645 Brittania
1171 2621 1194 2644 Η
1215 2628 1247 2645 m.
1260 2628 1317 2653 pr.:
1337 2619 1478 2645 britannia
1497 2622 1521 2644 11
1541 2628 1573 2645 m.
1590 2627 1636 2645 sec.
1653 2621 1731 2643 abt?

1555 2666 1568 2687 3

1908 1141 1923 1168 [u

1926 1141 1942 1167 [ὓ
