<?xml version="1.0" encoding="UTF-8"?>
<!DOCTYPE html PUBLIC "-//W3C//DTD XHTML 1.0 Transitional//EN"
    "http://www.w3.org/TR/xhtml1/DTD/xhtml1-transitional.dtd">
<html xmlns="http://www.w3.org/1999/xhtml" xml:lang="en" lang="en">
 <head>
  <title>
</title>
<meta http-equiv="Content-Type" content="text/html;charset=utf-8" />
  <meta name='ocr-system' content='tesseract 3.04.00' />
  <meta name='ocr-capabilities' content='ocr_page ocr_carea ocr_par ocr_line ocrx_word'/>
</head>
<body>
  <div class='ocr_page' id='page_1' title='image "./devitaetmoribusi00taciuoft_0017.png"; bbox 0 0 2112 2891; ppageno 0'>
   <div class='ocr_carea' id='block_1_1' title="bbox 67 193 1869 223">
    <p class='ocr_par' dir='ltr' id='par_1_1' title="bbox 67 193 1869 223">
     <span class='ocr_line' id='line_1_1' title="bbox 67 193 1869 223; baseline -0.002 -2"><span class='ocrx_word' id='word_1_1' title='bbox 67 198 152 221; x_wconf 78' lang='lat' dir='ltr'><strong>Habt</strong></span> <span class='ocrx_word' id='word_1_2' title='bbox 641 193 808 220; x_wconf 86' lang='lat' dir='ltr'>CORNELII</span> <span class='ocrx_word' id='word_1_3' title='bbox 829 193 946 219; x_wconf 88' lang='lat' dir='ltr'><strong>TACITI</strong></span> <span class='ocrx_word' id='word_1_4' title='bbox 968 193 1169 219; x_wconf 74' lang='lat' dir='ltr'><strong>AGRICOLAE</strong></span> <span class='ocrx_word' id='word_1_5' title='bbox 1190 196 1294 218; x_wconf 28' lang='lat' dir='ltr'><strong><em>:Hb-30</em></strong></span> <span class='ocrx_word' id='word_1_6' title='bbox 1832 193 1869 223; x_wconf 76' lang='lat'><strong>13</strong></span> 
     </span>
    </p>
   </div>
   <div class='ocr_carea' id='block_1_2' title="bbox 39 274 1871 584">
    <p class='ocr_par' dir='ltr' id='par_1_2' title="bbox 66 274 1871 450">
     <span class='ocr_line' id='line_1_2' title="bbox 179 274 1869 316; baseline -0.001 -8"><span class='ocrx_word' id='word_1_7' title='bbox 179 275 276 308; x_wconf 82' lang='lat' dir='ltr'><strong>Cuius</strong></span> <span class='ocrx_word' id='word_1_8' title='bbox 304 276 498 308; x_wconf 86' lang='lat' dir='ltr'><strong>conscientia</strong></span> <span class='ocrx_word' id='word_1_9' title='bbox 525 286 560 306; x_wconf 85' lang='lat' dir='ltr'><strong>ac</strong></span> <span class='ocrx_word' id='word_1_10' title='bbox 584 276 668 307; x_wconf 86' lang='lat' dir='ltr'><strong>fama</strong></span> <span class='ocrx_word' id='word_1_11' title='bbox 697 275 785 307; x_wconf 88' lang='lat' dir='ltr'><strong>ferox</strong></span> <span class='ocrx_word' id='word_1_12' title='bbox 810 275 966 306; x_wconf 82' lang='lat' dir='ltr'><strong>exercitus</strong></span> <span class='ocrx_word' id='word_1_13' title='bbox 991 274 1071 306; x_wconf 87' lang='lat' dir='ltr'><strong>nihil</strong></span> <span class='ocrx_word' id='word_1_14' title='bbox 1096 275 1207 306; x_wconf 87' lang='lat' dir='ltr'><strong>virtuti</strong></span> <span class='ocrx_word' id='word_1_15' title='bbox 1232 286 1306 306; x_wconf 87' lang='lat' dir='ltr'><strong>suae</strong></span> <span class='ocrx_word' id='word_1_16' title='bbox 1330 275 1451 306; x_wconf 86' lang='lat' dir='ltr'><strong>invium</strong></span> <span class='ocrx_word' id='word_1_17' title='bbox 1481 277 1512 306; x_wconf 91' lang='lat' dir='ltr'><strong>et</strong></span> <span class='ocrx_word' id='word_1_18' title='bbox 1535 275 1762 316; x_wconf 72' lang='lat' dir='ltr'>penetrandam</span> <span class='ocrx_word' id='word_1_19' title='bbox 1789 275 1869 306; x_wconf 66' lang='lat' dir='ltr'><strong>(jali—</strong></span> 
     </span>
     <span class='ocr_line' id='line_1_3' title="bbox 67 318 1870 361; baseline -0.001 -9"><span class='ocrx_word' id='word_1_20' title='bbox 67 321 194 353; x_wconf 87' lang='lat' dir='ltr'>doniam</span> <span class='ocrx_word' id='word_1_21' title='bbox 214 320 500 361; x_wconf 88' lang='lat' dir='ltr'><strong>inveniendumque</strong></span> <span class='ocrx_word' id='word_1_22' title='bbox 520 319 647 351; x_wconf 89' lang='lat' dir='ltr'><strong>tandem</strong></span> <span class='ocrx_word' id='word_1_23' title='bbox 667 319 843 351; x_wconf 81' lang='lat' dir='ltr'><strong>Brittaniae</strong></span> <span class='ocrx_word' id='word_1_24' title='bbox 863 320 1033 350; x_wconf 82' lang='lat' dir='ltr'><strong>terminum</strong></span> <span class='ocrx_word' id='word_1_25' title='bbox 1054 321 1205 351; x_wconf 91' lang='lat' dir='ltr'><strong>continuo</strong></span> <span class='ocrx_word' id='word_1_26' title='bbox 1225 319 1417 361; x_wconf 85' lang='lat' dir='ltr'><strong>proeliorum</strong></span> <span class='ocrx_word' id='word_1_27' title='bbox 1437 330 1530 351; x_wconf 88' lang='lat' dir='ltr'><strong>cursu</strong></span> <span class='ocrx_word' id='word_1_28' title='bbox 1550 319 1735 350; x_wconf 81' lang='lat' dir='ltr'><strong>fremebant.</strong></span> <span class='ocrx_word' id='word_1_29' title='bbox 1764 318 1870 360; x_wconf 89' lang='lat' dir='ltr'><strong>Atque</strong></span> 
     </span>
     <span class='ocr_line' id='line_1_4' title="bbox 67 363 1871 406; baseline -0.001 -10"><span class='ocrx_word' id='word_1_30' title='bbox 67 366 114 397; x_wconf 89' lang='lat' dir='ltr'><strong>illi</strong></span> <span class='ocrx_word' id='word_1_31' title='bbox 137 365 232 396; x_wconf 90' lang='lat' dir='ltr'><strong>modo</strong></span> <span class='ocrx_word' id='word_1_32' title='bbox 257 365 341 397; x_wconf 89' lang='lat' dir='ltr'><strong>cauti</strong></span> <span class='ocrx_word' id='word_1_33' title='bbox 367 376 402 396; x_wconf 90' lang='lat' dir='ltr'><strong>ac</strong></span> <span class='ocrx_word' id='word_1_34' title='bbox 426 365 584 406; x_wconf 88' lang='lat' dir='ltr'><strong>sapientes</strong></span> <span class='ocrx_word' id='word_1_35' title='bbox 609 365 749 405; x_wconf 81' lang='lat' dir='ltr'><strong>prompti</strong></span> <span class='ocrx_word' id='word_1_36' title='bbox 774 366 846 405; x_wconf 91' lang='lat' dir='ltr'><strong>post</strong></span> <span class='ocrx_word' id='word_1_37' title='bbox 870 366 1017 395; x_wconf 79' lang='lat' dir='ltr'><strong>eventum</strong></span> <span class='ocrx_word' id='word_1_38' title='bbox 1042 375 1079 396; x_wconf 88' lang='lat' dir='ltr'><strong>ac</strong></span> <span class='ocrx_word' id='word_1_39' title='bbox 1104 364 1301 406; x_wconf 83' lang='lat' dir='ltr'><strong>magniloqui</strong></span> <span class='ocrx_word' id='word_1_40' title='bbox 1331 367 1429 395; x_wconf 88' lang='lat' dir='ltr'><strong>erant.</strong></span> <span class='ocrx_word' id='word_1_41' title='bbox 1476 363 1680 404; x_wconf 82' lang='lat' dir='ltr'><strong>Iniquissima</strong></span> <span class='ocrx_word' id='word_1_42' title='bbox 1707 363 1784 394; x_wconf 90' lang='lat' dir='ltr'><strong>haec</strong></span> <span class='ocrx_word' id='word_1_43' title='bbox 1808 364 1871 394; x_wconf 91' lang='lat' dir='ltr'><strong>bel-</strong></span> 
     </span>
     <span class='ocr_line' id='line_1_5' title="bbox 66 408 1868 450; baseline -0.001 -9"><span class='ocrx_word' id='word_1_44' title='bbox 66 410 168 442; x_wconf 89' lang='lat' dir='ltr'><strong>lorum</strong></span> <span class='ocrx_word' id='word_1_45' title='bbox 197 410 340 441; x_wconf 89' lang='lat' dir='ltr'><strong>condicio</strong></span> <span class='ocrx_word' id='word_1_46' title='bbox 370 412 428 441; x_wconf 91' lang='lat' dir='ltr'><strong>est:</strong></span> <span class='ocrx_word' id='word_1_47' title='bbox 457 420 610 450; x_wconf 86' lang='lat' dir='ltr'><strong>prospera</strong></span> <span class='ocrx_word' id='word_1_48' title='bbox 638 419 747 440; x_wconf 88' lang='lat' dir='ltr'><strong>omnes</strong></span> <span class='ocrx_word' id='word_1_49' title='bbox 778 409 839 440; x_wconf 89' lang='lat' dir='ltr'><strong>sibi</strong></span> <span class='ocrx_word' id='word_1_50' title='bbox 868 409 1038 449; x_wconf 81' lang='lat' dir='ltr'><strong>vindicant,</strong></span> <span class='ocrx_word' id='word_1_51' title='bbox 1067 409 1198 440; x_wconf 82' lang='lat' dir='ltr'><strong>adversa</strong></span> <span class='ocrx_word' id='word_1_52' title='bbox 1227 409 1281 440; x_wconf 90' lang='lat' dir='ltr'><strong>uni</strong></span> <span class='ocrx_word' id='word_1_53' title='bbox 1310 408 1506 449; x_wconf 89' lang='lat' dir='ltr'><strong>inputantur.</strong></span> <span class='ocrx_word' id='word_1_54' title='bbox 1554 408 1598 439; x_wconf 87' lang='lat' dir='ltr'><strong>At</strong></span> <span class='ocrx_word' id='word_1_55' title='bbox 1622 408 1781 439; x_wconf 75' lang='lat' dir='ltr'><strong>Brittanni</strong></span> <span class='ocrx_word' id='word_1_56' title='bbox 1807 419 1868 439; x_wconf 87' lang='lat' dir='ltr'><strong>non</strong></span> 
     </span>
    </p>

    <p class='ocr_par' dir='ltr' id='par_1_3' title="bbox 39 453 1871 584">
     <span class='ocr_line' id='line_1_6' title="bbox 39 453 1871 495; baseline -0.002 -9"><span class='ocrx_word' id='word_1_57' title='bbox 39 466 51 485; x_wconf 75' lang='lat'>5</span> <span class='ocrx_word' id='word_1_58' title='bbox 67 455 183 486; x_wconf 89' lang='lat' dir='ltr'><strong>virtute</strong></span> <span class='ocrx_word' id='word_1_59' title='bbox 207 466 240 486; x_wconf 87' lang='lat' dir='ltr'><strong>se</strong></span> <span class='ocrx_word' id='word_1_60' title='bbox 264 455 375 495; x_wconf 86' lang='lat' dir='ltr'><strong>victos,</strong></span> <span class='ocrx_word' id='word_1_61' title='bbox 399 454 452 486; x_wconf 89' lang='lat' dir='ltr'><strong>sed</strong></span> <span class='ocrx_word' id='word_1_62' title='bbox 477 454 641 485; x_wconf 83' lang='lat' dir='ltr'><strong>occasione</strong></span> <span class='ocrx_word' id='word_1_63' title='bbox 661 456 693 485; x_wconf 91' lang='lat' dir='ltr'><strong>et</strong></span> <span class='ocrx_word' id='word_1_64' title='bbox 712 456 778 484; x_wconf 86' lang='lat' dir='ltr'><strong>arte</strong></span> <span class='ocrx_word' id='word_1_65' title='bbox 797 453 886 484; x_wconf 82' lang='lat' dir='ltr'><strong>ducis</strong></span> <span class='ocrx_word' id='word_1_66' title='bbox 906 454 976 493; x_wconf 87' lang='lat' dir='ltr'><strong>rati,</strong></span> <span class='ocrx_word' id='word_1_67' title='bbox 995 453 1075 485; x_wconf 91' lang='lat' dir='ltr'><strong>nihil</strong></span> <span class='ocrx_word' id='word_1_68' title='bbox 1095 465 1133 484; x_wconf 81' lang='lat' dir='ltr'><strong>ex</strong></span> <span class='ocrx_word' id='word_1_69' title='bbox 1153 454 1341 495; x_wconf 76' lang='lat' dir='ltr'><strong>adrogantia</strong></span> <span class='ocrx_word' id='word_1_70' title='bbox 1360 454 1532 494; x_wconf 76' lang='lat' dir='ltr'><strong>remittere,</strong></span> <span class='ocrx_word' id='word_1_71' title='bbox 1552 464 1614 494; x_wconf 90' lang='lat' dir='ltr'><strong>quo</strong></span> <span class='ocrx_word' id='word_1_72' title='bbox 1636 453 1740 484; x_wconf 88' lang='lat' dir='ltr'><strong>minus</strong></span> <span class='ocrx_word' id='word_1_73' title='bbox 1765 453 1871 484; x_wconf 78' lang='lat' dir='ltr'><strong>iuven-</strong></span> 
     </span>
     <span class='ocr_line' id='line_1_7' title="bbox 65 497 1868 541; baseline -0.001 -11"><span class='ocrx_word' id='word_1_74' title='bbox 65 501 165 530; x_wconf 87' lang='lat' dir='ltr'><strong>tutem</strong></span> <span class='ocrx_word' id='word_1_75' title='bbox 186 501 354 540; x_wconf 73' lang='lat' dir='ltr'><strong>armarent,</strong></span> <span class='ocrx_word' id='word_1_76' title='bbox 373 499 523 541; x_wconf 80' lang='lat' dir='ltr'><strong>coniuges</strong></span> <span class='ocrx_word' id='word_1_77' title='bbox 544 509 580 530; x_wconf 91' lang='lat' dir='ltr'><strong>ac</strong></span> <span class='ocrx_word' id='word_1_78' title='bbox 598 498 716 529; x_wconf 88' lang='lat' dir='ltr'><strong>liberos</strong></span> <span class='ocrx_word' id='word_1_79' title='bbox 736 501 767 528; x_wconf 87' lang='lat' dir='ltr'><strong>in</strong></span> <span class='ocrx_word' id='word_1_80' title='bbox 786 498 855 529; x_wconf 90' lang='lat' dir='ltr'><strong>loca</strong></span> <span class='ocrx_word' id='word_1_81' title='bbox 875 500 943 529; x_wconf 91' lang='lat' dir='ltr'><strong>tuta</strong></span> <span class='ocrx_word' id='word_1_82' title='bbox 963 499 1179 537; x_wconf 69' lang='lat' dir='ltr'><strong>transferrent,</strong></span> <span class='ocrx_word' id='word_1_83' title='bbox 1199 498 1344 529; x_wconf 86' lang='lat' dir='ltr'><strong>coetibus</strong></span> <span class='ocrx_word' id='word_1_84' title='bbox 1366 500 1396 529; x_wconf 90' lang='lat' dir='ltr'><strong>et</strong></span> <span class='ocrx_word' id='word_1_85' title='bbox 1416 498 1578 529; x_wconf 81' lang='lat' dir='ltr'><strong>sacrificiis</strong></span> <span class='ocrx_word' id='word_1_86' title='bbox 1603 497 1868 538; x_wconf 82' lang='lat' dir='ltr'><strong>conspirationem</strong></span> 
     </span>
     <span class='ocr_line' id='line_1_8' title="bbox 65 542 1338 584; baseline -0.001 -10"><span class='ocrx_word' id='word_1_87' title='bbox 65 544 231 575; x_wconf 87' lang='lat' dir='ltr'><strong>civitatum</strong></span> <span class='ocrx_word' id='word_1_88' title='bbox 256 544 423 575; x_wconf 81' lang='lat' dir='ltr'><strong>sancirent.</strong></span> <span class='ocrx_word' id='word_1_89' title='bbox 470 543 576 584; x_wconf 83' lang='lat' dir='ltr'><strong>Atque</strong></span> <span class='ocrx_word' id='word_1_90' title='bbox 600 544 646 574; x_wconf 88' lang='lat' dir='ltr'><strong>ita</strong></span> <span class='ocrx_word' id='word_1_91' title='bbox 670 543 807 574; x_wconf 80' lang='lat' dir='ltr'><strong>inritatis</strong></span> <span class='ocrx_word' id='word_1_92' title='bbox 832 543 992 583; x_wconf 84' lang='lat' dir='ltr'><strong>utrimque</strong></span> <span class='ocrx_word' id='word_1_93' title='bbox 1016 542 1130 574; x_wconf 84' lang='lat' dir='ltr'><strong>animis</strong></span> <span class='ocrx_word' id='word_1_94' title='bbox 1155 543 1338 574; x_wconf 80' lang='lat' dir='ltr'><strong>discessum.</strong></span> 
     </span>
    </p>
   </div>
   <div class='ocr_carea' id='block_1_3' title="bbox 176 587 1895 628">
    <p class='ocr_par' dir='ltr' id='par_1_4' title="bbox 176 587 1895 628">
     <span class='ocr_line' id='line_1_9' title="bbox 176 587 1895 628; baseline -0.001 -9"><span class='ocrx_word' id='word_1_95' title='bbox 176 588 295 619; x_wconf 86' lang='lat' dir='ltr'><strong>Eadem</strong></span> <span class='ocrx_word' id='word_1_96' title='bbox 328 589 448 619; x_wconf 80' lang='lat' dir='ltr'><strong>aestate</strong></span> <span class='ocrx_word' id='word_1_97' title='bbox 481 587 595 619; x_wconf 84' lang='lat' dir='ltr'><strong>cohors</strong></span> <span class='ocrx_word' id='word_1_98' title='bbox 620 587 792 628; x_wconf 84' lang='lat' dir='ltr'><strong>Usiporum</strong></span> <span class='ocrx_word' id='word_1_99' title='bbox 825 598 881 628; x_wconf 85' lang='lat' dir='ltr'><strong>per</strong></span> <span class='ocrx_word' id='word_1_100' title='bbox 911 587 1096 619; x_wconf 84' lang='lat' dir='ltr'><strong>Germanias</strong></span> <span class='ocrx_word' id='word_1_101' title='bbox 1130 587 1309 628; x_wconf 87' lang='lat' dir='ltr'><strong>conscripta</strong></span> <span class='ocrx_word' id='word_1_102' title='bbox 1342 590 1373 618; x_wconf 92' lang='lat' dir='ltr'><strong>et</strong></span> <span class='ocrx_word' id='word_1_103' title='bbox 1402 588 1432 618; x_wconf 93' lang='lat' dir='ltr'><strong>in</strong></span> <span class='ocrx_word' id='word_1_104' title='bbox 1465 587 1655 618; x_wconf 86' lang='lat' dir='ltr'><strong>Brittaniam</strong></span> <span class='ocrx_word' id='word_1_105' title='bbox 1685 587 1870 618; x_wconf 83' lang='lat' dir='ltr'><strong>transmissa</strong></span> <span class='ocrx_word' id='word_1_106' title='bbox 1888 592 1895 601; x_wconf 81' lang='grc'><strong>“</strong></span> 
     </span>
    </p>
   </div>
   <div class='ocr_carea' id='block_1_4' title="bbox 26 631 1872 1031">
    <p class='ocr_par' dir='ltr' id='par_1_5' title="bbox 65 631 1871 675">
     <span class='ocr_line' id='line_1_10' title="bbox 65 631 1871 675; baseline -0.001 -11"><span class='ocrx_word' id='word_1_107' title='bbox 65 643 216 675; x_wconf 85' lang='lat' dir='ltr'><strong>magnum</strong></span> <span class='ocrx_word' id='word_1_108' title='bbox 250 643 285 664; x_wconf 86' lang='lat' dir='ltr'><strong>ac</strong></span> <span class='ocrx_word' id='word_1_109' title='bbox 317 632 522 664; x_wconf 85' lang='lat' dir='ltr'><strong>memorabile</strong></span> <span class='ocrx_word' id='word_1_110' title='bbox 555 633 677 664; x_wconf 86' lang='lat' dir='ltr'><strong>facinus</strong></span> <span class='ocrx_word' id='word_1_111' title='bbox 710 643 786 664; x_wconf 83' lang='lat' dir='ltr'><strong>ausa</strong></span> <span class='ocrx_word' id='word_1_112' title='bbox 820 634 874 663; x_wconf 92' lang='lat' dir='ltr'><strong>est.</strong></span> <span class='ocrx_word' id='word_1_113' title='bbox 922 632 1033 663; x_wconf 84' lang='lat' dir='ltr'><strong>Occiso</strong></span> <span class='ocrx_word' id='word_1_114' title='bbox 1067 632 1252 663; x_wconf 76' lang='lat' dir='ltr'><strong>centurione</strong></span> <span class='ocrx_word' id='word_1_115' title='bbox 1282 643 1317 662; x_wconf 86' lang='lat' dir='ltr'><strong>ac</strong></span> <span class='ocrx_word' id='word_1_116' title='bbox 1346 631 1512 672; x_wconf 83' lang='lat' dir='ltr'><strong>militibus,</strong></span> <span class='ocrx_word' id='word_1_117' title='bbox 1541 632 1596 672; x_wconf 84' lang='lat' dir='ltr'><strong>qui</strong></span> <span class='ocrx_word' id='word_1_118' title='bbox 1625 632 1664 662; x_wconf 89' lang='lat' dir='ltr'><strong>ad</strong></span> <span class='ocrx_word' id='word_1_119' title='bbox 1688 631 1871 662; x_wconf 86' lang='lat' dir='ltr'><strong>tradendam</strong></span> 
     </span>
    </p>

    <p class='ocr_par' dir='ltr' id='par_1_6' title="bbox 26 676 1872 897">
     <span class='ocr_line' id='line_1_11' title="bbox 26 676 1871 719; baseline 0 -12"><span class='ocrx_word' id='word_1_120' title='bbox 26 689 50 708; x_wconf 83' lang='grc' dir='ltr'><strong>ιο</strong></span> <span class='ocrx_word' id='word_1_121' title='bbox 65 677 264 719; x_wconf 86' lang='lat' dir='ltr'><strong>disciplinam</strong></span> <span class='ocrx_word' id='word_1_122' title='bbox 295 677 422 708; x_wconf 84' lang='lat' dir='ltr'><strong>inmixti</strong></span> <span class='ocrx_word' id='word_1_123' title='bbox 450 677 622 718; x_wconf 85' lang='lat' dir='ltr'><strong>manipulis</strong></span> <span class='ocrx_word' id='word_1_124' title='bbox 650 678 829 718; x_wconf 83' lang='lat' dir='ltr'><strong>exemplum</strong></span> <span class='ocrx_word' id='word_1_125' title='bbox 855 679 886 708; x_wconf 89' lang='lat' dir='ltr'><strong>et</strong></span> <span class='ocrx_word' id='word_1_126' title='bbox 905 679 1042 708; x_wconf 82' lang='lat' dir='ltr'><strong>rectores</strong></span> <span class='ocrx_word' id='word_1_127' title='bbox 1063 676 1272 717; x_wconf 72' lang='lat' dir='ltr'><strong>habebantur,</strong></span> <span class='ocrx_word' id='word_1_128' title='bbox 1296 679 1359 707; x_wconf 74' lang='lat' dir='ltr'><strong>tres</strong></span> <span class='ocrx_word' id='word_1_129' title='bbox 1379 676 1569 707; x_wconf 83' lang='lat' dir='ltr'><strong>Liburnicas</strong></span> <span class='ocrx_word' id='word_1_130' title='bbox 1589 677 1708 707; x_wconf 85' lang='lat' dir='ltr'><strong>adactis</strong></span> <span class='ocrx_word' id='word_1_131' title='bbox 1730 687 1785 717; x_wconf 90' lang='lat' dir='ltr'><strong>per</strong></span> <span class='ocrx_word' id='word_1_132' title='bbox 1810 676 1871 707; x_wconf 78' lang='lat' dir='ltr'><strong>vim</strong></span> 
     </span>
     <span class='ocr_line' id='line_1_12' title="bbox 65 720 1871 764; baseline -0.002 -11"><span class='ocrx_word' id='word_1_133' title='bbox 65 721 334 763; x_wconf 83' lang='lat' dir='ltr'><strong>gubernatoribus</strong></span> <span class='ocrx_word' id='word_1_134' title='bbox 359 721 534 752; x_wconf 88' lang='lat' dir='ltr'><strong>ascendere.</strong></span> <span class='ocrx_word' id='word_1_135' title='bbox 573 721 616 752; x_wconf 83' lang='lat' dir='ltr'><strong>Et</strong></span> <span class='ocrx_word' id='word_1_136' title='bbox 640 732 703 752; x_wconf 90' lang='lat' dir='ltr'><strong>uno</strong></span> <span class='ocrx_word' id='word_1_137' title='bbox 728 722 905 764; x_wconf 84' lang='lat' dir='ltr'><strong>remigante</strong></span> <span class='ocrx_word' id='word_1_138' title='bbox 929 721 1085 762; x_wconf 83' lang='lat' dir='ltr'><strong>suspectis</strong></span> <span class='ocrx_word' id='word_1_139' title='bbox 1111 721 1234 752; x_wconf 88' lang='lat' dir='ltr'><strong>duobus</strong></span> <span class='ocrx_word' id='word_1_140' title='bbox 1260 732 1359 762; x_wconf 88' lang='lat' dir='ltr'><strong>eoque</strong></span> <span class='ocrx_word' id='word_1_141' title='bbox 1384 721 1559 752; x_wconf 86' lang='lat' dir='ltr'><strong>interfectis</strong></span> <span class='ocrx_word' id='word_1_142' title='bbox 1579 721 1719 752; x_wconf 90' lang='lat' dir='ltr'><strong>nondum</strong></span> <span class='ocrx_word' id='word_1_143' title='bbox 1740 720 1871 763; x_wconf 85' lang='lat' dir='ltr'><strong>vulgato</strong></span> 
     </span>
     <span class='ocr_line' id='line_1_13' title="bbox 65 765 1872 807; baseline -0.001 -10"><span class='ocrx_word' id='word_1_144' title='bbox 65 777 191 798; x_wconf 86' lang='lat' dir='ltr'><strong>rumore</strong></span> <span class='ocrx_word' id='word_1_145' title='bbox 220 768 255 798; x_wconf 89' lang='lat' dir='ltr'><strong>ut</strong></span> <span class='ocrx_word' id='word_1_146' title='bbox 284 766 472 798; x_wconf 82' lang='lat' dir='ltr'><strong>miraculum</strong></span> <span class='ocrx_word' id='word_1_147' title='bbox 502 766 786 807; x_wconf 86' lang='lat' dir='ltr'><strong>praevehebantur.</strong></span> <span class='ocrx_word' id='word_1_148' title='bbox 833 765 909 797; x_wconf 84' lang='lat' dir='ltr'><strong>Mox</strong></span> <span class='ocrx_word' id='word_1_149' title='bbox 939 777 1052 807; x_wconf 88' lang='lat' dir='ltr'><strong>aquam</strong></span> <span class='ocrx_word' id='word_1_150' title='bbox 1082 768 1177 807; x_wconf 85' lang='lat' dir='ltr'><strong>atque</strong></span> <span class='ocrx_word' id='word_1_151' title='bbox 1207 766 1300 797; x_wconf 89' lang='lat' dir='ltr'><strong>utilia</strong></span> <span class='ocrx_word' id='word_1_152' title='bbox 1324 768 1444 806; x_wconf 77' lang='lat' dir='ltr'><strong>raptum</strong></span> <span class='ocrx_word' id='word_1_153' title='bbox 1473 765 1585 805; x_wconf 71' lang='lat' dir='ltr'><strong>eyressi</strong></span> <span class='ocrx_word' id='word_1_154' title='bbox 1614 777 1685 797; x_wconf 85' lang='lat' dir='ltr'><strong>cum</strong></span> <span class='ocrx_word' id='word_1_155' title='bbox 1710 765 1872 806; x_wconf 80' lang='lat' dir='ltr'><strong>plerisque</strong></span> 
     </span>
     <span class='ocr_line' id='line_1_14' title="bbox 65 810 1872 853; baseline -0.001 -11"><span class='ocrx_word' id='word_1_156' title='bbox 65 811 307 842; x_wconf 91' lang='lat' dir='ltr'><strong>Brittannorum</strong></span> <span class='ocrx_word' id='word_1_157' title='bbox 337 822 394 842; x_wconf 89' lang='lat' dir='ltr'><strong>sua</strong></span> <span class='ocrx_word' id='word_1_158' title='bbox 422 811 655 842; x_wconf 87' lang='lat' dir='ltr'><strong>defensantium</strong></span> <span class='ocrx_word' id='word_1_159' title='bbox 684 810 806 852; x_wconf 86' lang='lat' dir='ltr'><strong>proelio</strong></span> <span class='ocrx_word' id='word_1_160' title='bbox 837 810 999 853; x_wconf 83' lang='lat' dir='ltr'><strong>congressi</strong></span> <span class='ocrx_word' id='word_1_161' title='bbox 1028 821 1063 841; x_wconf 92' lang='lat' dir='ltr'><strong>ac</strong></span> <span class='ocrx_word' id='word_1_162' title='bbox 1093 822 1184 852; x_wconf 84' lang='lat' dir='ltr'><strong>saepe</strong></span> <span class='ocrx_word' id='word_1_163' title='bbox 1214 811 1359 850; x_wconf 77' lang='lat' dir='ltr'><strong>victores,</strong></span> <span class='ocrx_word' id='word_1_164' title='bbox 1389 810 1558 851; x_wconf 89' lang='lat' dir='ltr'><strong>aliquando</strong></span> <span class='ocrx_word' id='word_1_165' title='bbox 1588 811 1671 852; x_wconf 86' lang='lat' dir='ltr'><strong>pulsi</strong></span> <span class='ocrx_word' id='word_1_166' title='bbox 1701 821 1738 842; x_wconf 91' lang='lat' dir='ltr'><strong>eo</strong></span> <span class='ocrx_word' id='word_1_167' title='bbox 1763 810 1802 841; x_wconf 87' lang='lat' dir='ltr'><strong>ad</strong></span> <span class='ocrx_word' id='word_1_168' title='bbox 1822 821 1872 841; x_wconf 83' lang='lat' dir='ltr'><strong>ex-</strong></span> 
     </span>
     <span class='ocr_line' id='line_1_15' title="bbox 66 854 1871 897; baseline -0.001 -10"><span class='ocrx_word' id='word_1_169' title='bbox 66 859 202 887; x_wconf 87' lang='lat' dir='ltr'><strong>tremum</strong></span> <span class='ocrx_word' id='word_1_170' title='bbox 227 855 353 897; x_wconf 86' lang='lat' dir='ltr'><strong>inopiae</strong></span> <span class='ocrx_word' id='word_1_171' title='bbox 378 867 500 896; x_wconf 82' lang='lat' dir='ltr'><strong>venere,</strong></span> <span class='ocrx_word' id='word_1_172' title='bbox 523 857 559 886; x_wconf 91' lang='lat' dir='ltr'><strong>ut</strong></span> <span class='ocrx_word' id='word_1_173' title='bbox 583 855 817 886; x_wconf 87' lang='lat' dir='ltr'><strong>infirmissimos</strong></span> <span class='ocrx_word' id='word_1_174' title='bbox 842 866 982 896; x_wconf 89' lang='lat' dir='ltr'><strong>suorum,</strong></span> <span class='ocrx_word' id='word_1_175' title='bbox 1010 866 1084 886; x_wconf 84' lang='lat' dir='ltr'><strong>mox</strong></span> <span class='ocrx_word' id='word_1_176' title='bbox 1114 857 1199 887; x_wconf 84' lang='lat' dir='ltr'><strong>sorte</strong></span> <span class='ocrx_word' id='word_1_177' title='bbox 1224 855 1334 886; x_wconf 72' lang='lat' dir='ltr'><strong>ductos</strong></span> <span class='ocrx_word' id='word_1_178' title='bbox 1360 858 1567 886; x_wconf 75' lang='lat' dir='ltr'><strong>vescerentur.</strong></span> <span class='ocrx_word' id='word_1_179' title='bbox 1614 854 1721 896; x_wconf 88' lang='lat' dir='ltr'><strong>Atque</strong></span> <span class='ocrx_word' id='word_1_180' title='bbox 1746 854 1790 886; x_wconf 90' lang='lat' dir='ltr'><strong>ita</strong></span> <span class='ocrx_word' id='word_1_181' title='bbox 1815 855 1871 886; x_wconf 90' lang='lat' dir='ltr'><strong>cir-</strong></span> 
     </span>
    </p>

    <p class='ocr_par' dir='ltr' id='par_1_7' title="bbox 27 899 1872 1031">
     <span class='ocr_line' id='line_1_16' title="bbox 27 899 1872 942; baseline 0 -12"><span class='ocrx_word' id='word_1_182' title='bbox 27 911 50 930; x_wconf 80' lang='lat'><strong>15</strong></span> <span class='ocrx_word' id='word_1_183' title='bbox 65 901 221 932; x_wconf 87' lang='lat' dir='ltr'><strong>cumvecti</strong></span> <span class='ocrx_word' id='word_1_184' title='bbox 249 900 439 932; x_wconf 82' lang='lat' dir='ltr'><strong>Brittaniam</strong></span> <span class='ocrx_word' id='word_1_185' title='bbox 470 900 595 931; x_wconf 88' lang='lat' dir='ltr'><strong>amissis</strong></span> <span class='ocrx_word' id='word_1_186' title='bbox 623 911 678 941; x_wconf 90' lang='lat' dir='ltr'><strong>per</strong></span> <span class='ocrx_word' id='word_1_187' title='bbox 707 900 865 931; x_wconf 86' lang='lat' dir='ltr'><strong>inscitiam</strong></span> <span class='ocrx_word' id='word_1_188' title='bbox 898 900 1028 942; x_wconf 88' lang='lat' dir='ltr'><strong>regendi</strong></span> <span class='ocrx_word' id='word_1_189' title='bbox 1061 900 1196 931; x_wconf 84' lang='lat' dir='ltr'><strong>navibus</strong></span> <span class='ocrx_word' id='word_1_190' title='bbox 1225 911 1284 941; x_wconf 91' lang='lat' dir='ltr'><strong>pro</strong></span> <span class='ocrx_word' id='word_1_191' title='bbox 1313 900 1527 941; x_wconf 87' lang='lat' dir='ltr'><strong>praedonibus</strong></span> <span class='ocrx_word' id='word_1_192' title='bbox 1556 899 1658 931; x_wconf 90' lang='lat' dir='ltr'><strong>habiti</strong></span> <span class='ocrx_word' id='word_1_193' title='bbox 1686 900 1825 941; x_wconf 89' lang='lat' dir='ltr'><strong>primum</strong></span> <span class='ocrx_word' id='word_1_194' title='bbox 1855 911 1872 930; x_wconf 91' lang='lat' dir='ltr'><strong>a</strong></span> 
     </span>
     <span class='ocr_line' id='line_1_17' title="bbox 67 944 1872 986; baseline -0.001 -10"><span class='ocrx_word' id='word_1_195' title='bbox 67 944 188 985; x_wconf 86' lang='lat' dir='ltr'><strong>Suebis,</strong></span> <span class='ocrx_word' id='word_1_196' title='bbox 212 956 287 976; x_wconf 86' lang='lat' dir='ltr'><strong>mox</strong></span> <span class='ocrx_word' id='word_1_197' title='bbox 311 956 328 976; x_wconf 89' lang='lat' dir='ltr'><strong>a</strong></span> <span class='ocrx_word' id='word_1_198' title='bbox 353 944 463 976; x_wconf 86' lang='lat' dir='ltr'><strong>Frisiis</strong></span> <span class='ocrx_word' id='word_1_199' title='bbox 488 945 657 986; x_wconf 86' lang='lat' dir='ltr'><strong>intercepti</strong></span> <span class='ocrx_word' id='word_1_200' title='bbox 681 947 762 976; x_wconf 91' lang='lat' dir='ltr'><strong>sunt.</strong></span> <span class='ocrx_word' id='word_1_201' title='bbox 801 944 848 976; x_wconf 87' lang='lat' dir='ltr'><strong>Ac</strong></span> <span class='ocrx_word' id='word_1_202' title='bbox 872 945 969 985; x_wconf 88' lang='lat' dir='ltr'><strong>fuere,</strong></span> <span class='ocrx_word' id='word_1_203' title='bbox 994 955 1073 985; x_wconf 89' lang='lat' dir='ltr'><strong>quos</strong></span> <span class='ocrx_word' id='word_1_204' title='bbox 1097 956 1153 986; x_wconf 87' lang='lat' dir='ltr'><strong>per</strong></span> <span class='ocrx_word' id='word_1_205' title='bbox 1177 945 1367 976; x_wconf 82' lang='lat' dir='ltr'><strong>commercia</strong></span> <span class='ocrx_word' id='word_1_206' title='bbox 1387 945 1595 976; x_wconf 76' lang='lat' dir='ltr'><strong>venumdatos</strong></span> <span class='ocrx_word' id='word_1_207' title='bbox 1620 947 1651 975; x_wconf 92' lang='lat' dir='ltr'><strong>et</strong></span> <span class='ocrx_word' id='word_1_208' title='bbox 1674 944 1707 975; x_wconf 93' lang='lat' dir='ltr'><strong>in</strong></span> <span class='ocrx_word' id='word_1_209' title='bbox 1731 947 1872 975; x_wconf 88' lang='lat' dir='ltr'><strong>nostram</strong></span> 
     </span>
     <span class='ocr_line' id='line_1_18' title="bbox 65 989 1482 1031; baseline 0 -11"><span class='ocrx_word' id='word_1_210' title='bbox 65 1000 168 1030; x_wconf 84' lang='lat' dir='ltr'><strong>usque</strong></span> <span class='ocrx_word' id='word_1_211' title='bbox 191 991 293 1031; x_wconf 89' lang='lat' dir='ltr'><strong>ripam</strong></span> <span class='ocrx_word' id='word_1_212' title='bbox 317 989 494 1021; x_wconf 87' lang='lat' dir='ltr'><strong>mutatione</strong></span> <span class='ocrx_word' id='word_1_213' title='bbox 519 990 691 1021; x_wconf 88' lang='lat' dir='ltr'><strong>ementium</strong></span> <span class='ocrx_word' id='word_1_214' title='bbox 716 989 868 1021; x_wconf 90' lang='lat' dir='ltr'><strong>adductos</strong></span> <span class='ocrx_word' id='word_1_215' title='bbox 893 989 1046 1021; x_wconf 86' lang='lat' dir='ltr'><strong>indicium</strong></span> <span class='ocrx_word' id='word_1_216' title='bbox 1071 989 1150 1020; x_wconf 86' lang='lat' dir='ltr'><strong>tanti</strong></span> <span class='ocrx_word' id='word_1_217' title='bbox 1177 1000 1266 1021; x_wconf 81' lang='lat' dir='ltr'><strong>casus</strong></span> <span class='ocrx_word' id='word_1_218' title='bbox 1291 989 1482 1020; x_wconf 87' lang='lat' dir='ltr'><strong>inlustravit.</strong></span> 
     </span>
    </p>
   </div>
   <div class='ocr_carea' id='block_1_5' title="bbox 24 1037 1872 1527">
    <p class='ocr_par' dir='ltr' id='par_1_8' title="bbox 24 1037 1872 1527">
     <span class='ocr_line' id='line_1_19' title="bbox 175 1037 1869 1081; baseline -0.001 -11"><span class='ocrx_word' id='word_1_219' title='bbox 175 1037 271 1070; x_wconf 86' lang='lat' dir='ltr'><strong>Initio</strong></span> <span class='ocrx_word' id='word_1_220' title='bbox 304 1039 434 1070; x_wconf 86' lang='lat' dir='ltr'><strong>aestatis</strong></span> <span class='ocrx_word' id='word_1_221' title='bbox 462 1038 613 1081; x_wconf 83' lang='lat' dir='ltr'><strong>Agricola</strong></span> <span class='ocrx_word' id='word_1_222' title='bbox 646 1038 820 1070; x_wconf 89' lang='lat' dir='ltr'><strong>domestico</strong></span> <span class='ocrx_word' id='word_1_223' title='bbox 849 1039 978 1070; x_wconf 87' lang='lat' dir='ltr'><strong>vulnere</strong></span> <span class='ocrx_word' id='word_1_224' title='bbox 1011 1039 1092 1070; x_wconf 80' lang='lat' dir='ltr'><strong>ictus</strong></span> <span class='ocrx_word' id='word_1_225' title='bbox 1126 1050 1208 1069; x_wconf 87' lang='lat' dir='ltr'><strong>anno</strong></span> <span class='ocrx_word' id='word_1_226' title='bbox 1239 1042 1311 1069; x_wconf 88' lang='lat' dir='ltr'><strong>ante</strong></span> <span class='ocrx_word' id='word_1_227' title='bbox 1339 1040 1448 1069; x_wconf 82' lang='lat' dir='ltr'><strong>natum</strong></span> <span class='ocrx_word' id='word_1_228' title='bbox 1478 1038 1580 1069; x_wconf 83' lang='lat' dir='ltr'><strong>filium</strong></span> <span class='ocrx_word' id='word_1_229' title='bbox 1609 1038 1722 1069; x_wconf 87' lang='lat' dir='ltr'><strong>amisit.</strong></span> <span class='ocrx_word' id='word_1_230' title='bbox 1770 1037 1869 1075; x_wconf 87' lang='lat' dir='ltr'><strong>Quem</strong></span> 
     </span>
     <span class='ocr_line' id='line_1_20' title="bbox 65 1083 1871 1125; baseline 0 -11"><span class='ocrx_word' id='word_1_231' title='bbox 65 1094 171 1115; x_wconf 83' lang='lat' dir='ltr'><strong>casum</strong></span> <span class='ocrx_word' id='word_1_232' title='bbox 204 1094 307 1125; x_wconf 90' lang='lat' dir='ltr'><strong>neque</strong></span> <span class='ocrx_word' id='word_1_233' title='bbox 341 1085 376 1114; x_wconf 87' lang='lat' dir='ltr'><strong>ut</strong></span> <span class='ocrx_word' id='word_1_234' title='bbox 408 1083 552 1125; x_wconf 88' lang='lat' dir='ltr'><strong>plerique</strong></span> <span class='ocrx_word' id='word_1_235' title='bbox 584 1083 717 1114; x_wconf 89' lang='lat' dir='ltr'><strong>fortium</strong></span> <span class='ocrx_word' id='word_1_236' title='bbox 747 1084 887 1115; x_wconf 89' lang='lat' dir='ltr'><strong>virorum</strong></span> <span class='ocrx_word' id='word_1_237' title='bbox 916 1083 1084 1114; x_wconf 86' lang='lat' dir='ltr'><strong>ambitiose</strong></span> <span class='ocrx_word' id='word_1_238' title='bbox 1112 1094 1214 1124; x_wconf 81' lang='lat' dir='ltr'><strong>neque</strong></span> <span class='ocrx_word' id='word_1_239' title='bbox 1243 1095 1299 1124; x_wconf 87' lang='lat' dir='ltr'><strong>per</strong></span> <span class='ocrx_word' id='word_1_240' title='bbox 1327 1083 1465 1114; x_wconf 89' lang='lat' dir='ltr'><strong>lamenta</strong></span> <span class='ocrx_word' id='word_1_241' title='bbox 1493 1093 1603 1114; x_wconf 89' lang='lat' dir='ltr'><strong>rursus</strong></span> <span class='ocrx_word' id='word_1_242' title='bbox 1632 1093 1667 1114; x_wconf 85' lang='lat' dir='ltr'><strong>ac</strong></span> <span class='ocrx_word' id='word_1_243' title='bbox 1697 1094 1871 1114; x_wconf 88' lang='lat' dir='ltr'><strong>maerorem</strong></span> 
     </span>
     <span class='ocr_line' id='line_1_21' title="bbox 25 1127 1872 1169; baseline 0 -11"><span class='ocrx_word' id='word_1_244' title='bbox 25 1139 50 1157; x_wconf 75' lang='lat'><strong>20</strong></span> <span class='ocrx_word' id='word_1_245' title='bbox 65 1127 263 1159; x_wconf 83' lang='lat' dir='ltr'><strong>muliebriter</strong></span> <span class='ocrx_word' id='word_1_246' title='bbox 287 1128 369 1159; x_wconf 87' lang='lat' dir='ltr'><strong>tulit.</strong></span> <span class='ocrx_word' id='word_1_247' title='bbox 408 1128 451 1159; x_wconf 89' lang='lat' dir='ltr'><strong>Et</strong></span> <span class='ocrx_word' id='word_1_248' title='bbox 474 1128 507 1159; x_wconf 90' lang='lat' dir='ltr'><strong>in</strong></span> <span class='ocrx_word' id='word_1_249' title='bbox 530 1127 619 1159; x_wconf 89' lang='lat' dir='ltr'><strong>luctu</strong></span> <span class='ocrx_word' id='word_1_250' title='bbox 643 1128 760 1159; x_wconf 90' lang='lat' dir='ltr'><strong>bellum</strong></span> <span class='ocrx_word' id='word_1_251' title='bbox 788 1129 871 1159; x_wconf 83' lang='lat' dir='ltr'><strong>inter</strong></span> <span class='ocrx_word' id='word_1_252' title='bbox 894 1128 1031 1159; x_wconf 84' lang='lat' dir='ltr'><strong>remedia</strong></span> <span class='ocrx_word' id='word_1_253' title='bbox 1057 1130 1131 1159; x_wconf 85' lang='lat' dir='ltr'><strong>erat.</strong></span> <span class='ocrx_word' id='word_1_254' title='bbox 1170 1127 1273 1169; x_wconf 85' lang='lat' dir='ltr'><strong>Igitur</strong></span> <span class='ocrx_word' id='word_1_255' title='bbox 1297 1128 1470 1169; x_wconf 87' lang='lat' dir='ltr'><strong>praemissa</strong></span> <span class='ocrx_word' id='word_1_256' title='bbox 1496 1127 1604 1168; x_wconf 84' lang='lat' dir='ltr'><strong>classe,</strong></span> <span class='ocrx_word' id='word_1_257' title='bbox 1625 1139 1705 1168; x_wconf 87' lang='lat' dir='ltr'><strong>quae</strong></span> <span class='ocrx_word' id='word_1_258' title='bbox 1725 1127 1872 1169; x_wconf 88' lang='lat' dir='ltr'><strong>pluribus</strong></span> 
     </span>
     <span class='ocr_line' id='line_1_22' title="bbox 64 1172 1871 1214; baseline -0.001 -10"><span class='ocrx_word' id='word_1_259' title='bbox 64 1172 142 1204; x_wconf 85' lang='lat' dir='ltr'><strong>locis</strong></span> <span class='ocrx_word' id='word_1_260' title='bbox 166 1173 317 1214; x_wconf 89' lang='lat' dir='ltr'><strong>praedata</strong></span> <span class='ocrx_word' id='word_1_261' title='bbox 340 1183 491 1214; x_wconf 87' lang='lat' dir='ltr'><strong>magnum</strong></span> <span class='ocrx_word' id='word_1_262' title='bbox 516 1175 547 1204; x_wconf 87' lang='lat' dir='ltr'><strong>et</strong></span> <span class='ocrx_word' id='word_1_263' title='bbox 571 1173 728 1204; x_wconf 88' lang='lat' dir='ltr'><strong>incertum</strong></span> <span class='ocrx_word' id='word_1_264' title='bbox 753 1175 904 1204; x_wconf 87' lang='lat' dir='ltr'><strong>terrorem</strong></span> <span class='ocrx_word' id='word_1_265' title='bbox 929 1174 1057 1213; x_wconf 73' lang='lat' dir='ltr'><strong>faceret,</strong></span> <span class='ocrx_word' id='word_1_266' title='bbox 1081 1173 1228 1214; x_wconf 84' lang='lat' dir='ltr'><strong>expedito</strong></span> <span class='ocrx_word' id='word_1_267' title='bbox 1254 1173 1403 1212; x_wconf 79' lang='lat' dir='ltr'><strong>exercitu,</strong></span> <span class='ocrx_word' id='word_1_268' title='bbox 1428 1173 1478 1204; x_wconf 91' lang='lat' dir='ltr'><strong>cui</strong></span> <span class='ocrx_word' id='word_1_269' title='bbox 1503 1183 1540 1203; x_wconf 85' lang='lat' dir='ltr'><strong>ex</strong></span> <span class='ocrx_word' id='word_1_270' title='bbox 1561 1172 1739 1203; x_wconf 87' lang='lat' dir='ltr'><strong>Brittannis</strong></span> <span class='ocrx_word' id='word_1_271' title='bbox 1764 1172 1871 1203; x_wconf 87' lang='lat' dir='ltr'><strong>fortis-</strong></span> 
     </span>
     <span class='ocr_line' id='line_1_23' title="bbox 65 1217 1872 1259; baseline -0.001 -11"><span class='ocrx_word' id='word_1_272' title='bbox 65 1217 163 1248; x_wconf 87' lang='lat' dir='ltr'><strong>simos</strong></span> <span class='ocrx_word' id='word_1_273' title='bbox 192 1219 224 1248; x_wconf 88' lang='lat' dir='ltr'><strong>et</strong></span> <span class='ocrx_word' id='word_1_274' title='bbox 252 1217 348 1259; x_wconf 86' lang='lat' dir='ltr'><strong>longa</strong></span> <span class='ocrx_word' id='word_1_275' title='bbox 374 1228 452 1258; x_wconf 89' lang='lat' dir='ltr'><strong>pace</strong></span> <span class='ocrx_word' id='word_1_276' title='bbox 481 1218 663 1259; x_wconf 85' lang='lat' dir='ltr'><strong>exploratos</strong></span> <span class='ocrx_word' id='word_1_277' title='bbox 687 1217 859 1258; x_wconf 75' lang='lat' dir='ltr'><strong>addiderat,</strong></span> <span class='ocrx_word' id='word_1_278' title='bbox 884 1217 923 1248; x_wconf 91' lang='lat' dir='ltr'><strong>ad</strong></span> <span class='ocrx_word' id='word_1_279' title='bbox 948 1220 1089 1248; x_wconf 90' lang='lat' dir='ltr'><strong>montem</strong></span> <span class='ocrx_word' id='word_1_280' title='bbox 1115 1217 1290 1259; x_wconf 85' lang='lat' dir='ltr'><strong>Graupium</strong></span> <span class='ocrx_word' id='word_1_281' title='bbox 1315 1217 1468 1258; x_wconf 85' lang='lat' dir='ltr'><strong>pervenit,</strong></span> <span class='ocrx_word' id='word_1_282' title='bbox 1496 1228 1590 1258; x_wconf 86' lang='lat' dir='ltr'><strong>quem</strong></span> <span class='ocrx_word' id='word_1_283' title='bbox 1615 1217 1676 1247; x_wconf 86' lang='lat' dir='ltr'><strong>iam</strong></span> <span class='ocrx_word' id='word_1_284' title='bbox 1702 1217 1804 1248; x_wconf 88' lang='lat' dir='ltr'><strong>hostis</strong></span> <span class='ocrx_word' id='word_1_285' title='bbox 1828 1217 1872 1247; x_wconf 90' lang='lat' dir='ltr'><strong>in—</strong></span> 
     </span>
     <span class='ocr_line' id='line_1_24' title="bbox 65 1261 1872 1304; baseline -0.001 -11"><span class='ocrx_word' id='word_1_286' title='bbox 65 1261 195 1293; x_wconf 88' lang='lat' dir='ltr'><strong>sederat.</strong></span> <span class='ocrx_word' id='word_1_287' title='bbox 242 1261 325 1293; x_wconf 91' lang='lat' dir='ltr'><strong>Nam</strong></span> <span class='ocrx_word' id='word_1_288' title='bbox 349 1261 510 1293; x_wconf 73' lang='lat' dir='ltr'><strong>Brittanni</strong></span> <span class='ocrx_word' id='word_1_289' title='bbox 535 1262 614 1293; x_wconf 91' lang='lat' dir='ltr'><strong>nihil</strong></span> <span class='ocrx_word' id='word_1_290' title='bbox 637 1262 730 1293; x_wconf 85' lang='lat' dir='ltr'><strong>fracti</strong></span> <span class='ocrx_word' id='word_1_291' title='bbox 754 1273 880 1304; x_wconf 88' lang='lat' dir='ltr'><strong>pugnae</strong></span> <span class='ocrx_word' id='word_1_292' title='bbox 904 1263 1020 1303; x_wconf 87' lang='lat' dir='ltr'><strong>prioris</strong></span> <span class='ocrx_word' id='word_1_293' title='bbox 1045 1265 1159 1293; x_wconf 80' lang='lat' dir='ltr'><strong>eventu</strong></span> <span class='ocrx_word' id='word_1_294' title='bbox 1184 1265 1215 1293; x_wconf 90' lang='lat' dir='ltr'><strong>et</strong></span> <span class='ocrx_word' id='word_1_295' title='bbox 1235 1262 1389 1293; x_wconf 88' lang='lat' dir='ltr'><strong>ultionem</strong></span> <span class='ocrx_word' id='word_1_296' title='bbox 1409 1264 1465 1292; x_wconf 90' lang='lat' dir='ltr'><strong>aut</strong></span> <span class='ocrx_word' id='word_1_297' title='bbox 1484 1262 1649 1293; x_wconf 59' lang='lat' dir='ltr'><strong>servitium</strong></span> <span class='ocrx_word' id='word_1_298' title='bbox 1670 1263 1872 1303; x_wconf 82' lang='lat' dir='ltr'><strong>expectantes</strong></span> 
     </span>
     <span class='ocr_line' id='line_1_25' title="bbox 65 1306 1871 1348; baseline 0 -11"><span class='ocrx_word' id='word_1_299' title='bbox 65 1306 254 1348; x_wconf 85' lang='lat' dir='ltr'><strong>tandemque</strong></span> <span class='ocrx_word' id='word_1_300' title='bbox 279 1306 364 1338; x_wconf 87' lang='lat' dir='ltr'><strong>docti</strong></span> <span class='ocrx_word' id='word_1_301' title='bbox 388 1317 555 1338; x_wconf 89' lang='lat' dir='ltr'><strong>commune</strong></span> <span class='ocrx_word' id='word_1_302' title='bbox 579 1307 753 1348; x_wconf 88' lang='lat' dir='ltr'><strong>periculum</strong></span> <span class='ocrx_word' id='word_1_303' title='bbox 774 1307 942 1339; x_wconf 84' lang='lat' dir='ltr'><strong>concordia</strong></span> <span class='ocrx_word' id='word_1_304' title='bbox 961 1306 1222 1348; x_wconf 72' lang='lat' dir='ltr'><strong>propulsandum,</strong></span> <span class='ocrx_word' id='word_1_305' title='bbox 1240 1306 1456 1348; x_wconf 87' lang='lat' dir='ltr'><strong>legationibus</strong></span> <span class='ocrx_word' id='word_1_306' title='bbox 1476 1309 1507 1337; x_wconf 91' lang='lat' dir='ltr'><strong>et</strong></span> <span class='ocrx_word' id='word_1_307' title='bbox 1526 1306 1709 1338; x_wconf 87' lang='lat' dir='ltr'><strong>foederibus</strong></span> <span class='ocrx_word' id='word_1_308' title='bbox 1729 1307 1871 1337; x_wconf 85' lang='lat' dir='ltr'><strong>omnium</strong></span> 
     </span>
     <span class='ocr_line' id='line_1_26' title="bbox 24 1351 1872 1394; baseline 0.001 -14"><span class='ocrx_word' id='word_1_309' title='bbox 24 1362 48 1380; x_wconf 78' lang='lat'><strong>25</strong></span> <span class='ocrx_word' id='word_1_310' title='bbox 65 1351 243 1384; x_wconf 88' lang='lat' dir='ltr'><strong>civitatium</strong></span> <span class='ocrx_word' id='word_1_311' title='bbox 268 1352 349 1382; x_wconf 83' lang='lat' dir='ltr'><strong>vires</strong></span> <span class='ocrx_word' id='word_1_312' title='bbox 374 1351 562 1382; x_wconf 82' lang='lat' dir='ltr'><strong>exciverant.</strong></span> <span class='ocrx_word' id='word_1_313' title='bbox 605 1351 737 1392; x_wconf 90' lang='lat' dir='ltr'><strong>Iamque</strong></span> <span class='ocrx_word' id='word_1_314' title='bbox 761 1363 857 1393; x_wconf 89' lang='lat' dir='ltr'><strong>super</strong></span> <span class='ocrx_word' id='word_1_315' title='bbox 880 1352 1014 1394; x_wconf 84' lang='lat' dir='ltr'><strong>triginta</strong></span> <span class='ocrx_word' id='word_1_316' title='bbox 1040 1352 1127 1383; x_wconf 87' lang='lat' dir='ltr'><strong>milia</strong></span> <span class='ocrx_word' id='word_1_317' title='bbox 1151 1354 1344 1383; x_wconf 83' lang='lat' dir='ltr'><strong>armatorum</strong></span> <span class='ocrx_word' id='word_1_318' title='bbox 1370 1351 1614 1392; x_wconf 85' lang='lat' dir='ltr'><strong>aspiciebantur,</strong></span> <span class='ocrx_word' id='word_1_319' title='bbox 1638 1353 1669 1382; x_wconf 92' lang='lat' dir='ltr'><strong>et</strong></span> <span class='ocrx_word' id='word_1_320' title='bbox 1693 1351 1797 1382; x_wconf 89' lang='lat' dir='ltr'><strong>adhuc</strong></span> <span class='ocrx_word' id='word_1_321' title='bbox 1820 1351 1872 1381; x_wconf 89' lang='lat' dir='ltr'><strong>ad-</strong></span> 
     </span>
     <span class='ocr_line' id='line_1_27' title="bbox 64 1395 1872 1437; baseline 0 -10"><span class='ocrx_word' id='word_1_322' title='bbox 64 1395 184 1427; x_wconf 88' lang='lat' dir='ltr'><strong>fluebat</strong></span> <span class='ocrx_word' id='word_1_323' title='bbox 213 1396 316 1427; x_wconf 90' lang='lat' dir='ltr'><strong>omnis</strong></span> <span class='ocrx_word' id='word_1_324' title='bbox 351 1396 497 1427; x_wconf 85' lang='lat' dir='ltr'><strong>iuventus</strong></span> <span class='ocrx_word' id='word_1_325' title='bbox 526 1398 565 1436; x_wconf 86' lang='lat' dir='ltr'><strong>et,</strong></span> <span class='ocrx_word' id='word_1_326' title='bbox 595 1397 709 1437; x_wconf 89' lang='lat' dir='ltr'><strong>quibus</strong></span> <span class='ocrx_word' id='word_1_327' title='bbox 738 1397 835 1429; x_wconf 84' lang='lat' dir='ltr'><strong>cruda</strong></span> <span class='ocrx_word' id='word_1_328' title='bbox 863 1407 899 1428; x_wconf 89' lang='lat' dir='ltr'><strong>ac</strong></span> <span class='ocrx_word' id='word_1_329' title='bbox 927 1397 1036 1428; x_wconf 78' lang='lat' dir='ltr'><strong>viridis</strong></span> <span class='ocrx_word' id='word_1_330' title='bbox 1066 1398 1219 1437; x_wconf 77' lang='lat' dir='ltr'><strong>senectus,</strong></span> <span class='ocrx_word' id='word_1_331' title='bbox 1247 1396 1323 1427; x_wconf 87' lang='lat' dir='ltr'><strong>clari</strong></span> <span class='ocrx_word' id='word_1_332' title='bbox 1353 1396 1436 1427; x_wconf 89' lang='lat' dir='ltr'><strong>bello</strong></span> <span class='ocrx_word' id='word_1_333' title='bbox 1461 1398 1492 1427; x_wconf 86' lang='lat' dir='ltr'><strong>et</strong></span> <span class='ocrx_word' id='word_1_334' title='bbox 1521 1407 1577 1427; x_wconf 89' lang='lat' dir='ltr'><strong>sua</strong></span> <span class='ocrx_word' id='word_1_335' title='bbox 1601 1395 1735 1437; x_wconf 87' lang='lat' dir='ltr'><strong>quisque</strong></span> <span class='ocrx_word' id='word_1_336' title='bbox 1760 1396 1872 1427; x_wconf 84' lang='lat' dir='ltr'><strong>decora</strong></span> 
     </span>
     <span class='ocr_line' id='line_1_28' title="bbox 64 1440 1871 1483; baseline -0.001 -11"><span class='ocrx_word' id='word_1_337' title='bbox 64 1442 234 1482; x_wconf 85' lang='lat' dir='ltr'><strong>gestantes,</strong></span> <span class='ocrx_word' id='word_1_338' title='bbox 258 1451 328 1471; x_wconf 86' lang='lat' dir='ltr'><strong>cum</strong></span> <span class='ocrx_word' id='word_1_339' title='bbox 354 1441 437 1471; x_wconf 89' lang='lat' dir='ltr'><strong>inter</strong></span> <span class='ocrx_word' id='word_1_340' title='bbox 460 1440 566 1482; x_wconf 79' lang='lat' dir='ltr'><strong>plures</strong></span> <span class='ocrx_word' id='word_1_341' title='bbox 592 1441 686 1473; x_wconf 88' lang='lat' dir='ltr'><strong>duces</strong></span> <span class='ocrx_word' id='word_1_342' title='bbox 710 1442 827 1472; x_wconf 86' lang='lat' dir='ltr'><strong>virtute</strong></span> <span class='ocrx_word' id='word_1_343' title='bbox 852 1443 883 1472; x_wconf 84' lang='lat' dir='ltr'><strong>et</strong></span> <span class='ocrx_word' id='word_1_344' title='bbox 907 1452 1022 1483; x_wconf 83' lang='lat' dir='ltr'><strong>genere</strong></span> <span class='ocrx_word' id='word_1_345' title='bbox 1044 1443 1209 1483; x_wconf 87' lang='lat' dir='ltr'><strong>praestans</strong></span> <span class='ocrx_word' id='word_1_346' title='bbox 1234 1441 1362 1472; x_wconf 89' lang='lat' dir='ltr'><strong>nomine</strong></span> <span class='ocrx_word' id='word_1_347' title='bbox 1388 1440 1542 1482; x_wconf 78' lang='lat' dir='ltr'><strong>Calgacus</strong></span> <span class='ocrx_word' id='word_1_348' title='bbox 1567 1440 1651 1481; x_wconf 88' lang='lat' dir='ltr'><strong>apud</strong></span> <span class='ocrx_word' id='word_1_349' title='bbox 1677 1443 1871 1471; x_wconf 89' lang='lat' dir='ltr'><strong>contractam</strong></span> 
     </span>
     <span class='ocr_line' id='line_1_29' title="bbox 59 1484 1299 1527; baseline 0 -11"><span class='ocrx_word' id='word_1_350' title='bbox 59 1484 301 1521; x_wconf 76' lang='lat' dir='ltr'><strong>multitudinem</strong></span> <span class='ocrx_word' id='word_1_351' title='bbox 326 1485 482 1526; x_wconf 90' lang='lat' dir='ltr'><strong>proelium</strong></span> <span class='ocrx_word' id='word_1_352' title='bbox 507 1488 688 1527; x_wconf 87' lang='lat' dir='ltr'><strong>poscentem</strong></span> <span class='ocrx_word' id='word_1_353' title='bbox 714 1487 745 1517; x_wconf 88' lang='lat' dir='ltr'><strong>in</strong></span> <span class='ocrx_word' id='word_1_354' title='bbox 771 1487 855 1518; x_wconf 89' lang='lat' dir='ltr'><strong>hunc</strong></span> <span class='ocrx_word' id='word_1_355' title='bbox 879 1487 1009 1517; x_wconf 86' lang='lat' dir='ltr'><strong>modum</strong></span> <span class='ocrx_word' id='word_1_356' title='bbox 1034 1486 1160 1517; x_wconf 89' lang='lat' dir='ltr'><strong>locutus</strong></span> <span class='ocrx_word' id='word_1_357' title='bbox 1184 1486 1299 1517; x_wconf 88' lang='lat' dir='ltr'><strong>fertur:</strong></span> 
     </span>
    </p>
   </div>
   <div class='ocr_carea' id='block_1_6' title="bbox 24 1534 1873 1710">
    <p class='ocr_par' dir='ltr' id='par_1_9' title="bbox 177 1534 1871 1576">
     <span class='ocr_line' id='line_1_30' title="bbox 177 1534 1871 1576; baseline 0 -11"><span class='ocrx_word' id='word_1_358' title='bbox 177 1534 343 1571; x_wconf 84' lang='lat' dir='ltr'><strong>‘Quotiens</strong></span> <span class='ocrx_word' id='word_1_359' title='bbox 367 1545 477 1566; x_wconf 86' lang='lat' dir='ltr'><strong>causas</strong></span> <span class='ocrx_word' id='word_1_360' title='bbox 501 1534 578 1566; x_wconf 91' lang='lat' dir='ltr'><strong>belli</strong></span> <span class='ocrx_word' id='word_1_361' title='bbox 602 1537 633 1566; x_wconf 90' lang='lat' dir='ltr'><strong>et</strong></span> <span class='ocrx_word' id='word_1_362' title='bbox 657 1535 877 1567; x_wconf 88' lang='lat' dir='ltr'><strong>necessitatem</strong></span> <span class='ocrx_word' id='word_1_363' title='bbox 901 1538 1044 1566; x_wconf 85' lang='lat' dir='ltr'><strong>nostram</strong></span> <span class='ocrx_word' id='word_1_364' title='bbox 1065 1536 1198 1575; x_wconf 90' lang='lat' dir='ltr'><strong>intueor,</strong></span> <span class='ocrx_word' id='word_1_365' title='bbox 1217 1545 1351 1576; x_wconf 88' lang='lat' dir='ltr'><strong>magnus</strong></span> <span class='ocrx_word' id='word_1_366' title='bbox 1373 1535 1451 1566; x_wconf 87' lang='lat' dir='ltr'><strong>mihi</strong></span> <span class='ocrx_word' id='word_1_367' title='bbox 1472 1536 1596 1565; x_wconf 81' lang='lat' dir='ltr'><strong>animus</strong></span> <span class='ocrx_word' id='word_1_368' title='bbox 1616 1537 1662 1565; x_wconf 85' lang='lat' dir='ltr'><strong>est</strong></span> <span class='ocrx_word' id='word_1_369' title='bbox 1682 1534 1871 1566; x_wconf 91' lang='lat' dir='ltr'><strong>hodiernum</strong></span> 
     </span>
    </p>

    <p class='ocr_par' dir='ltr' id='par_1_10' title="bbox 24 1579 1873 1710">
     <span class='ocr_line' id='line_1_31' title="bbox 24 1579 1872 1620; baseline 0.001 -11"><span class='ocrx_word' id='word_1_370' title='bbox 24 1590 50 1609; x_wconf 78' lang='lat'><strong>³⁰</strong></span> <span class='ocrx_word' id='word_1_371' title='bbox 66 1579 147 1610; x_wconf 88' lang='lat' dir='ltr'><strong>diem</strong></span> <span class='ocrx_word' id='word_1_372' title='bbox 181 1590 432 1620; x_wconf 86' lang='lat' dir='ltr'><strong>consensumque</strong></span> <span class='ocrx_word' id='word_1_373' title='bbox 460 1581 600 1610; x_wconf 85' lang='lat' dir='ltr'><strong>vestrum</strong></span> <span class='ocrx_word' id='word_1_374' title='bbox 634 1580 760 1611; x_wconf 88' lang='lat' dir='ltr'><strong>initium</strong></span> <span class='ocrx_word' id='word_1_375' title='bbox 795 1580 952 1611; x_wconf 88' lang='lat' dir='ltr'><strong>libertatis</strong></span> <span class='ocrx_word' id='word_1_376' title='bbox 985 1580 1044 1611; x_wconf 88' lang='lat' dir='ltr'><strong>toti</strong></span> <span class='ocrx_word' id='word_1_377' title='bbox 1076 1580 1252 1611; x_wconf 86' lang='lat' dir='ltr'><strong>Brittaniae</strong></span> <span class='ocrx_word' id='word_1_378' title='bbox 1280 1580 1362 1611; x_wconf 86' lang='lat' dir='ltr'><strong>fore:</strong></span> <span class='ocrx_word' id='word_1_379' title='bbox 1391 1591 1463 1610; x_wconf 89' lang='lat' dir='ltr'><strong>nam</strong></span> <span class='ocrx_word' id='word_1_380' title='bbox 1489 1582 1520 1610; x_wconf 90' lang='lat' dir='ltr'><strong>et</strong></span> <span class='ocrx_word' id='word_1_381' title='bbox 1544 1579 1683 1610; x_wconf 84' lang='lat' dir='ltr'><strong>universi</strong></span> <span class='ocrx_word' id='word_1_382' title='bbox 1708 1579 1872 1610; x_wconf 89' lang='lat' dir='ltr'><strong>coaluistis</strong></span> 
     </span>
     <span class='ocr_line' id='line_1_32' title="bbox 64 1623 1873 1665; baseline 0.001 -11"><span class='ocrx_word' id='word_1_383' title='bbox 64 1623 227 1655; x_wconf 87' lang='lat' dir='ltr'><strong>servitutis</strong></span> <span class='ocrx_word' id='word_1_384' title='bbox 261 1625 404 1665; x_wconf 84' lang='lat' dir='ltr'><strong>expertes</strong></span> <span class='ocrx_word' id='word_1_385' title='bbox 438 1626 470 1654; x_wconf 88' lang='lat' dir='ltr'><strong>et</strong></span> <span class='ocrx_word' id='word_1_386' title='bbox 502 1625 607 1655; x_wconf 85' lang='lat' dir='ltr'><strong>nullae</strong></span> <span class='ocrx_word' id='word_1_387' title='bbox 640 1624 724 1655; x_wconf 80' lang='lat' dir='ltr'><strong>ult-ra</strong></span> <span class='ocrx_word' id='word_1_388' title='bbox 752 1627 854 1656; x_wconf 87' lang='lat' dir='ltr'><strong>terrae</strong></span> <span class='ocrx_word' id='word_1_389' title='bbox 883 1636 919 1657; x_wconf 81' lang='lat' dir='ltr'><strong>ae</strong></span> <span class='ocrx_word' id='word_1_390' title='bbox 947 1636 986 1656; x_wconf 92' lang='lat' dir='ltr'><strong>ne</strong></span> <span class='ocrx_word' id='word_1_391' title='bbox 1018 1636 1102 1656; x_wconf 87' lang='lat' dir='ltr'><strong>mare</strong></span> <span class='ocrx_word' id='word_1_392' title='bbox 1132 1625 1258 1665; x_wconf 88' lang='lat' dir='ltr'><strong>quidem</strong></span> <span class='ocrx_word' id='word_1_393' title='bbox 1287 1636 1432 1655; x_wconf 85' lang='lat' dir='ltr'><strong>securum</strong></span> <span class='ocrx_word' id='word_1_394' title='bbox 1456 1624 1631 1655; x_wconf 85' lang='lat' dir='ltr'><strong>inminente</strong></span> <span class='ocrx_word' id='word_1_395' title='bbox 1655 1624 1748 1655; x_wconf 85' lang='lat' dir='ltr'><strong>nobis</strong></span> <span class='ocrx_word' id='word_1_396' title='bbox 1773 1625 1873 1655; x_wconf 85' lang='lat' dir='ltr'><strong>classe</strong></span> 
     </span>
     <span class='ocr_line' id='line_1_33' title="bbox 66 1667 1872 1710; baseline 0.001 -12"><span class='ocrx_word' id='word_1_397' title='bbox 66 1667 216 1699; x_wconf 77' lang='lat' dir='ltr'><strong>Romana.</strong></span> <span class='ocrx_word' id='word_1_398' title='bbox 262 1667 311 1699; x_wconf 86' lang='lat' dir='ltr'><strong>Ita</strong></span> <span class='ocrx_word' id='word_1_399' title='bbox 339 1669 494 1709; x_wconf 90' lang='lat' dir='ltr'><strong>proelium</strong></span> <span class='ocrx_word' id='word_1_400' title='bbox 523 1671 618 1709; x_wconf 88' lang='lat' dir='ltr'><strong>atque</strong></span> <span class='ocrx_word' id='word_1_401' title='bbox 647 1680 742 1710; x_wconf 82' lang='lat' dir='ltr'><strong>arma,</strong></span> <span class='ocrx_word' id='word_1_402' title='bbox 772 1681 851 1710; x_wconf 85' lang='lat' dir='ltr'><strong>quae</strong></span> <span class='ocrx_word' id='word_1_403' title='bbox 876 1669 1013 1701; x_wconf 88' lang='lat' dir='ltr'><strong>fortibus</strong></span> <span class='ocrx_word' id='word_1_404' title='bbox 1037 1669 1179 1709; x_wconf 83' lang='lat' dir='ltr'><strong>honesta,</strong></span> <span class='ocrx_word' id='word_1_405' title='bbox 1204 1669 1311 1700; x_wconf 85' lang='lat' dir='ltr'><strong>eadem</strong></span> <span class='ocrx_word' id='word_1_406' title='bbox 1337 1669 1433 1700; x_wconf 85' lang='lat' dir='ltr'><strong>etiam</strong></span> <span class='ocrx_word' id='word_1_407' title='bbox 1458 1668 1581 1710; x_wconf 86' lang='lat' dir='ltr'><strong>ignavis</strong></span> <span class='ocrx_word' id='word_1_408' title='bbox 1605 1668 1766 1700; x_wconf 88' lang='lat' dir='ltr'><strong>tutissima</strong></span> <span class='ocrx_word' id='word_1_409' title='bbox 1791 1671 1872 1700; x_wconf 88' lang='lat' dir='ltr'><strong>sunt.</strong></span> 
     </span>
    </p>
   </div>
   <div class='ocr_carea' id='block_1_7' title="bbox 63 1800 1874 2336">
    <p class='ocr_par' dir='ltr' id='par_1_11' title="bbox 63 1800 1874 2336">
     <span class='ocr_line' id='line_1_34' title="bbox 172 1800 1801 1836; baseline 0 -10"><span class='ocrx_word' id='word_1_410' title='bbox 172 1804 185 1826; x_wconf 92' lang='lat'>1</span> <span class='ocrx_word' id='word_1_411' title='bbox 207 1801 387 1835; x_wconf 86' lang='lat' dir='ltr'><strong>conscientia]</strong></span> <span class='ocrx_word' id='word_1_412' title='bbox 409 1800 595 1827; x_wconf 86' lang='lat' dir='ltr'><strong>conscientiae</strong></span> <span class='ocrx_word' id='word_1_413' title='bbox 615 1804 639 1826; x_wconf 99' lang='lat' dir='ltr'><strong>H</strong></span> <span class='ocrx_word' id='word_1_414' title='bbox 660 1810 691 1827; x_wconf 86' lang='lat' dir='ltr'><strong>m.</strong></span> <span class='ocrx_word' id='word_1_415' title='bbox 703 1811 746 1835; x_wconf 76' lang='lat' dir='ltr'><strong>pr.</strong></span> <span class='ocrx_word' id='word_1_416' title='bbox 839 1802 948 1836; x_wconf 87' lang='lat' dir='ltr'><strong>virtuti]</strong></span> <span class='ocrx_word' id='word_1_417' title='bbox 968 1802 1081 1828; x_wconf 70' lang='lat' dir='ltr'><strong>uirtutis</strong></span> <span class='ocrx_word' id='word_1_418' title='bbox 1101 1805 1125 1827; x_wconf 92' lang='lat' dir='ltr'><strong>H</strong></span> <span class='ocrx_word' id='word_1_419' title='bbox 1146 1811 1177 1827; x_wconf 86' lang='lat' dir='ltr'><strong>m.</strong></span> <span class='ocrx_word' id='word_1_420' title='bbox 1189 1811 1233 1835; x_wconf 79' lang='lat' dir='ltr'><strong>pr.</strong></span> <span class='ocrx_word' id='word_1_421' title='bbox 1325 1801 1540 1835; x_wconf 84' lang='lat' dir='ltr'><strong>penetrandam]</strong></span> <span class='ocrx_word' id='word_1_422' title='bbox 1565 1801 1767 1834; x_wconf 87' lang='lat' dir='ltr'><strong>penetrandum</strong></span> <span class='ocrx_word' id='word_1_423' title='bbox 1787 1804 1801 1826; x_wconf 90' lang='lat' dir='ltr'><strong>b</strong></span> 
     </span>
     <span class='ocr_line' id='line_1_35' title="bbox 65 1835 1871 1872; baseline 0.001 -11"><span class='ocrx_word' id='word_1_424' title='bbox 65 1835 251 1871; x_wconf 81' lang='lat' dir='ltr'><strong>Calidoniam]</strong></span> <span class='ocrx_word' id='word_1_425' title='bbox 271 1835 446 1869; x_wconf 79' lang='lat' dir='ltr'><strong>calydoniam</strong></span> <span class='ocrx_word' id='word_1_426' title='bbox 465 1839 498 1868; x_wconf 80' lang='lat' dir='ltr'><strong><em>H,</em></strong></span> <span class='ocrx_word' id='word_1_427' title='bbox 518 1836 691 1863; x_wconf 79' lang='lat' dir='ltr'><strong>caledoniam</strong></span> <span class='ocrx_word' id='word_1_428' title='bbox 711 1840 744 1863; x_wconf 72' lang='lat' dir='ltr'><strong>t?</strong></span> <span class='ocrx_word' id='word_1_429' title='bbox 818 1841 832 1862; x_wconf 74' lang='grc'><strong>’2</strong></span> <span class='ocrx_word' id='word_1_430' title='bbox 852 1838 1020 1872; x_wconf 89' lang='lat' dir='ltr'><strong>Brittaniae]</strong></span> <span class='ocrx_word' id='word_1_431' title='bbox 1040 1837 1197 1863; x_wconf 81' lang='lat' dir='ltr'><strong>britanniae</strong></span> <span class='ocrx_word' id='word_1_432' title='bbox 1216 1840 1241 1862; x_wconf 99' lang='lat' dir='ltr'><strong>H</strong></span> <span class='ocrx_word' id='word_1_433' title='bbox 1261 1846 1292 1863; x_wconf 83' lang='grc' dir='ltr'><strong>ηι.</strong></span> <span class='ocrx_word' id='word_1_434' title='bbox 1308 1846 1356 1864; x_wconf 84' lang='lat' dir='ltr'><strong>sec.</strong></span> <span class='ocrx_word' id='word_1_435' title='bbox 1373 1839 1449 1863; x_wconf 85' lang='lat' dir='ltr'><strong>abt?</strong></span> <span class='ocrx_word' id='word_1_436' title='bbox 1522 1836 1689 1870; x_wconf 78' lang='lat' dir='ltr'><strong>proeliorum</strong></span> <span class='ocrx_word' id='word_1_437' title='bbox 1710 1837 1871 1863; x_wconf 76' lang='lat' dir='ltr'><strong>Rhenanus:</strong></span> 
     </span>
     <span class='ocr_line' id='line_1_36' title="bbox 65 1871 1784 1907; baseline 0 -9"><span class='ocrx_word' id='word_1_438' title='bbox 65 1871 201 1905; x_wconf 83' lang='lat' dir='ltr'><strong>proelium</strong></span> <span class='ocrx_word' id='word_1_439' title='bbox 220 1874 274 1904; x_wconf 74' lang='lat' dir='ltr'><strong>Ht,</strong></span> <span class='ocrx_word' id='word_1_440' title='bbox 298 1871 435 1906; x_wconf 87' lang='lat' dir='ltr'><strong>praelium</strong></span> <span class='ocrx_word' id='word_1_441' title='bbox 456 1875 492 1897; x_wconf 78' lang='lat' dir='ltr'><strong>ab</strong></span> <span class='ocrx_word' id='word_1_442' title='bbox 584 1875 599 1898; x_wconf 85' lang='lat'>4</span> <span class='ocrx_word' id='word_1_443' title='bbox 620 1873 745 1899; x_wconf 86' lang='lat' dir='ltr'><strong>condicio</strong></span> <span class='ocrx_word' id='word_1_444' title='bbox 765 1874 817 1907; x_wconf 85' lang='lat' dir='ltr'><strong>est]</strong></span> <span class='ocrx_word' id='word_1_445' title='bbox 839 1873 998 1899; x_wconf 89' lang='lat' dir='ltr'><strong>conditione</strong></span> <span class='ocrx_word' id='word_1_446' title='bbox 1018 1876 1042 1898; x_wconf 91' lang='lat' dir='ltr'><strong>H</strong></span> <span class='ocrx_word' id='word_1_447' title='bbox 1063 1882 1159 1907; x_wconf 53' lang='lat' dir='ltr'><strong>impr„</strong></span> <span class='ocrx_word' id='word_1_448' title='bbox 1185 1873 1346 1899; x_wconf 88' lang='lat' dir='ltr'><strong>condicione</strong></span> <span class='ocrx_word' id='word_1_449' title='bbox 1366 1876 1391 1898; x_wconf 94' lang='lat' dir='ltr'><strong>H</strong></span> <span class='ocrx_word' id='word_1_450' title='bbox 1411 1882 1442 1898; x_wconf 84' lang='lat' dir='ltr'><strong>m.</strong></span> <span class='ocrx_word' id='word_1_451' title='bbox 1459 1881 1518 1902; x_wconf 59' lang='lat' dir='ltr'><strong>recu,</strong></span> <span class='ocrx_word' id='word_1_452' title='bbox 1543 1872 1665 1898; x_wconf 90' lang='lat' dir='ltr'><strong>conditio</strong></span> <span class='ocrx_word' id='word_1_453' title='bbox 1686 1874 1728 1899; x_wconf 82' lang='lat' dir='ltr'><strong>est</strong></span> <span class='ocrx_word' id='word_1_454' title='bbox 1747 1875 1784 1898; x_wconf 81' lang='lat' dir='ltr'><strong>ab</strong></span> 
     </span>
     <span class='ocr_line' id='line_1_37' title="bbox 65 1907 1870 1943; baseline 0.001 -11"><span class='ocrx_word' id='word_1_455' title='bbox 65 1907 169 1942; x_wconf 83' lang='lat' dir='ltr'><strong>omnes]</strong></span> <span class='ocrx_word' id='word_1_456' title='bbox 194 1907 282 1933; x_wconf 88' lang='lat' dir='ltr'><strong>omnis</strong></span> <span class='ocrx_word' id='word_1_457' title='bbox 301 1910 326 1932; x_wconf 92' lang='lat' dir='ltr'><strong>H</strong></span> <span class='ocrx_word' id='word_1_458' title='bbox 344 1917 378 1934; x_wconf 86' lang='lat' dir='ltr'><strong>m.</strong></span> <span class='ocrx_word' id='word_1_459' title='bbox 390 1916 433 1941; x_wconf 78' lang='lat' dir='ltr'><strong>pr.</strong></span> <span class='ocrx_word' id='word_1_460' title='bbox 521 1908 695 1943; x_wconf 86' lang='lat' dir='ltr'><strong>inputantur]</strong></span> <span class='ocrx_word' id='word_1_461' title='bbox 721 1909 896 1942; x_wconf 86' lang='lat' dir='ltr'><strong>imputantur</strong></span> <span class='ocrx_word' id='word_1_462' title='bbox 915 1912 971 1935; x_wconf 82' lang='lat' dir='ltr'><strong>abt</strong></span> <span class='ocrx_word' id='word_1_463' title='bbox 1043 1908 1195 1943; x_wconf 81' lang='lat' dir='ltr'><strong>Brittanni}</strong></span> <span class='ocrx_word' id='word_1_464' title='bbox 1215 1909 1337 1935; x_wconf 85' lang='lat' dir='ltr'><strong>britanni</strong></span> <span class='ocrx_word' id='word_1_465' title='bbox 1358 1911 1382 1934; x_wconf 91' lang='lat' dir='ltr'><strong>H</strong></span> <span class='ocrx_word' id='word_1_466' title='bbox 1400 1918 1434 1935; x_wconf 82' lang='lat' dir='ltr'><strong>m.</strong></span> <span class='ocrx_word' id='word_1_467' title='bbox 1449 1917 1498 1935; x_wconf 77' lang='lat' dir='ltr'><strong>sec.</strong></span> <span class='ocrx_word' id='word_1_468' title='bbox 1515 1909 1592 1934; x_wconf 75' lang='lat' dir='ltr'><strong>abt?</strong></span> <span class='ocrx_word' id='word_1_469' title='bbox 1684 1912 1699 1933; x_wconf 87' lang='grc'>5</span> <span class='ocrx_word' id='word_1_470' title='bbox 1719 1916 1747 1934; x_wconf 87' lang='lat' dir='ltr'><strong>se</strong></span> <span class='ocrx_word' id='word_1_471' title='bbox 1772 1909 1870 1942; x_wconf 80' lang='lat' dir='ltr'><strong>victos]</strong></span> 
     </span>
     <span class='ocr_line' id='line_1_38' title="bbox 65 1943 1872 1979; baseline 0.001 -12"><span class='ocrx_word' id='word_1_472' title='bbox 65 1952 113 1969; x_wconf 69' lang='lat' dir='ltr'><strong>om.</strong></span> <span class='ocrx_word' id='word_1_473' title='bbox 130 1945 167 1968; x_wconf 85' lang='lat' dir='ltr'><strong>ab</strong></span> <span class='ocrx_word' id='word_1_474' title='bbox 240 1943 393 1977; x_wconf 85' lang='lat' dir='ltr'><strong>occasione]</strong></span> <span class='ocrx_word' id='word_1_475' title='bbox 416 1944 579 1969; x_wconf 86' lang='lat' dir='ltr'><strong>occansione</strong></span> <span class='ocrx_word' id='word_1_476' title='bbox 599 1946 623 1969; x_wconf 86' lang='lat' dir='ltr'><strong>H</strong></span> <span class='ocrx_word' id='word_1_477' title='bbox 695 1944 872 1979; x_wconf 85' lang='lat' dir='ltr'><strong>adrogantia]</strong></span> <span class='ocrx_word' id='word_1_478' title='bbox 894 1944 1055 1978; x_wconf 77' lang='lat' dir='ltr'><strong>arrogantia</strong></span> <span class='ocrx_word' id='word_1_479' title='bbox 1074 1947 1110 1970; x_wconf 81' lang='lat' dir='ltr'><strong>ab</strong></span> <span class='ocrx_word' id='word_1_480' title='bbox 1185 1948 1200 1971; x_wconf 86' lang='grc'><strong>6</strong></span> <span class='ocrx_word' id='word_1_481' title='bbox 1219 1945 1294 1979; x_wconf 88' lang='lat' dir='ltr'><strong>tuta]</strong></span> <span class='ocrx_word' id='word_1_482' title='bbox 1314 1946 1378 1970; x_wconf 88' lang='lat' dir='ltr'><strong>tura</strong></span> <span class='ocrx_word' id='word_1_483' title='bbox 1397 1947 1420 1969; x_wconf 86' lang='lat' dir='ltr'><strong>H</strong></span> <span class='ocrx_word' id='word_1_484' title='bbox 1442 1954 1472 1970; x_wconf 83' lang='lat' dir='ltr'><strong>m.</strong></span> <span class='ocrx_word' id='word_1_485' title='bbox 1487 1954 1529 1977; x_wconf 74' lang='lat' dir='ltr'><strong>pr.</strong></span> <span class='ocrx_word' id='word_1_486' title='bbox 1608 1944 1745 1978; x_wconf 83' lang='lat' dir='ltr'><strong>coetibus]</strong></span> <span class='ocrx_word' id='word_1_487' title='bbox 1767 1943 1872 1970; x_wconf 84' lang='lat' dir='ltr'><strong>cetibus</strong></span> 
     </span>
     <span class='ocr_line' id='line_1_39' title="bbox 64 1979 1873 2015; baseline 0 -11"><span class='ocrx_word' id='word_1_488' title='bbox 64 1981 79 2003; x_wconf 87' lang='lat' dir='ltr'><strong>b</strong></span> <span class='ocrx_word' id='word_1_489' title='bbox 153 1980 192 2012; x_wconf 84' lang='lat' dir='ltr'><strong>ct]</strong></span> <span class='ocrx_word' id='word_1_490' title='bbox 213 1987 244 2004; x_wconf 85' lang='lat' dir='ltr'><strong>ac</strong></span> <span class='ocrx_word' id='word_1_491' title='bbox 263 1981 318 2004; x_wconf 83' lang='lat' dir='ltr'><strong>abt</strong></span> <span class='ocrx_word' id='word_1_492' title='bbox 401 1982 414 2004; x_wconf 81' lang='lat'>7</span> <span class='ocrx_word' id='word_1_493' title='bbox 435 1979 591 2014; x_wconf 83' lang='lat' dir='ltr'><strong>civitatum]</strong></span> <span class='ocrx_word' id='word_1_494' title='bbox 612 1979 772 2006; x_wconf 88' lang='lat' dir='ltr'><strong>ciuitatium</strong></span> <span class='ocrx_word' id='word_1_495' title='bbox 792 1983 807 2005; x_wconf 91' lang='lat' dir='ltr'><strong>b</strong></span> <span class='ocrx_word' id='word_1_496' title='bbox 881 1981 984 2015; x_wconf 84' lang='lat' dir='ltr'><strong>Atque]</strong></span> <span class='ocrx_word' id='word_1_497' title='bbox 1005 1981 1096 2014; x_wconf 86' lang='lat' dir='ltr'><strong>adque</strong></span> <span class='ocrx_word' id='word_1_498' title='bbox 1116 1983 1140 2005; x_wconf 87' lang='lat' dir='ltr'><strong>H</strong></span> <span class='ocrx_word' id='word_1_499' title='bbox 1158 1989 1191 2006; x_wconf 85' lang='lat' dir='ltr'><strong>m.</strong></span> <span class='ocrx_word' id='word_1_500' title='bbox 1206 1989 1248 2013; x_wconf 79' lang='lat' dir='ltr'><strong>pr.</strong></span> <span class='ocrx_word' id='word_1_501' title='bbox 1322 1980 1456 2015; x_wconf 80' lang='lat' dir='ltr'><strong>inritatis]</strong></span> <span class='ocrx_word' id='word_1_502' title='bbox 1477 1979 1595 2005; x_wconf 77' lang='lat' dir='ltr'><strong>irritatis</strong></span> <span class='ocrx_word' id='word_1_503' title='bbox 1614 1982 1651 2005; x_wconf 82' lang='lat' dir='ltr'><strong>ab</strong></span> <span class='ocrx_word' id='word_1_504' title='bbox 1735 1983 1750 2006; x_wconf 87' lang='lat'>8</span> <span class='ocrx_word' id='word_1_505' title='bbox 1771 1979 1873 2005; x_wconf 82' lang='lat' dir='ltr'><strong>Britta-</strong></span> 
     </span>
     <span class='ocr_line' id='line_1_40' title="bbox 65 2014 1820 2051; baseline 0.001 -11"><span class='ocrx_word' id='word_1_506' title='bbox 65 2014 151 2049; x_wconf 87' lang='lat' dir='ltr'><strong>niam]</strong></span> <span class='ocrx_word' id='word_1_507' title='bbox 172 2014 321 2040; x_wconf 86' lang='lat' dir='ltr'><strong>brittanias</strong></span> <span class='ocrx_word' id='word_1_508' title='bbox 340 2017 364 2040; x_wconf 88' lang='lat' dir='ltr'><strong>H</strong></span> <span class='ocrx_word' id='word_1_509' title='bbox 382 2023 416 2040; x_wconf 80' lang='lat' dir='ltr'><strong>m.</strong></span> <span class='ocrx_word' id='word_1_510' title='bbox 429 2024 482 2048; x_wconf 59' lang='lat' dir='ltr'><strong>pr„</strong></span> <span class='ocrx_word' id='word_1_511' title='bbox 501 2015 669 2041; x_wconf 83' lang='lat' dir='ltr'><strong>britanniam</strong></span> <span class='ocrx_word' id='word_1_512' title='bbox 690 2018 766 2042; x_wconf 80' lang='lat' dir='ltr'><strong>abt?</strong></span> <span class='ocrx_word' id='word_1_513' title='bbox 850 2020 882 2042; x_wconf 84' lang='lat'><strong>10</strong></span> <span class='ocrx_word' id='word_1_514' title='bbox 901 2016 1024 2051; x_wconf 78' lang='lat' dir='ltr'><strong>inmixti]</strong></span> <span class='ocrx_word' id='word_1_515' title='bbox 1044 2016 1168 2042; x_wconf 77' lang='lat' dir='ltr'><strong>inmixtis</strong></span> <span class='ocrx_word' id='word_1_516' title='bbox 1188 2019 1212 2041; x_wconf 87' lang='lat' dir='ltr'><strong>H</strong></span> <span class='ocrx_word' id='word_1_517' title='bbox 1233 2025 1264 2041; x_wconf 87' lang='lat' dir='ltr'><strong>m.</strong></span> <span class='ocrx_word' id='word_1_518' title='bbox 1280 2025 1328 2043; x_wconf 66' lang='lat' dir='ltr'><strong>sec.</strong></span> <span class='ocrx_word' id='word_1_519' title='bbox 1349 2021 1391 2049; x_wconf 83' lang='lat' dir='ltr'><strong>at,</strong></span> <span class='ocrx_word' id='word_1_520' title='bbox 1411 2015 1530 2041; x_wconf 78' lang='lat' dir='ltr'><strong>inmistis</strong></span> <span class='ocrx_word' id='word_1_521' title='bbox 1550 2018 1565 2040; x_wconf 88' lang='lat' dir='ltr'><strong>b</strong></span> <span class='ocrx_word' id='word_1_522' title='bbox 1635 2016 1703 2050; x_wconf 85' lang='lat' dir='ltr'><strong>tres]</strong></span> <span class='ocrx_word' id='word_1_523' title='bbox 1723 2015 1785 2041; x_wconf 90' lang='lat' dir='ltr'><strong>Tris</strong></span> <span class='ocrx_word' id='word_1_524' title='bbox 1804 2018 1820 2041; x_wconf 89' lang='lat' dir='ltr'><strong>b</strong></span> 
     </span>
     <span class='ocr_line' id='line_1_41' title="bbox 65 2049 1874 2086; baseline 0.001 -11"><span class='ocrx_word' id='word_1_525' title='bbox 65 2049 239 2084; x_wconf 85' lang='lat' dir='ltr'><strong>Liburnicas]</strong></span> <span class='ocrx_word' id='word_1_526' title='bbox 259 2050 420 2083; x_wconf 83' lang='lat' dir='ltr'><strong>lyburnicas</strong></span> <span class='ocrx_word' id='word_1_527' title='bbox 439 2055 451 2076; x_wconf 82' lang='lat' dir='ltr'><strong>t</strong></span> <span class='ocrx_word' id='word_1_528' title='bbox 516 2054 546 2077; x_wconf 90' lang='lat'><strong>11</strong></span> <span class='ocrx_word' id='word_1_529' title='bbox 567 2050 810 2086; x_wconf 75' lang='lat' dir='ltr'><strong>gubernatoribus]</strong></span> <span class='ocrx_word' id='word_1_530' title='bbox 830 2052 1044 2078; x_wconf 87' lang='lat' dir='ltr'><strong>ubernatoribus</strong></span> <span class='ocrx_word' id='word_1_531' title='bbox 1059 2054 1083 2077; x_wconf 87' lang='lat' dir='ltr'><strong>H</strong></span> <span class='ocrx_word' id='word_1_532' title='bbox 1099 2061 1131 2077; x_wconf 85' lang='lat' dir='ltr'><strong>m.</strong></span> <span class='ocrx_word' id='word_1_533' title='bbox 1144 2061 1186 2085; x_wconf 76' lang='lat' dir='ltr'><strong>pr.</strong></span> <span class='ocrx_word' id='word_1_534' title='bbox 1263 2055 1293 2078; x_wconf 83' lang='lat'><strong>12</strong></span> <span class='ocrx_word' id='word_1_535' title='bbox 1314 2052 1564 2085; x_wconf 68' lang='lat' dir='ltr'><strong>praevehehantur]</strong></span> <span class='ocrx_word' id='word_1_536' title='bbox 1586 2051 1775 2084; x_wconf 86' lang='lat' dir='ltr'><strong>prebebantur</strong></span> <span class='ocrx_word' id='word_1_537' title='bbox 1793 2056 1813 2084; x_wconf 83' lang='lat' dir='ltr'><strong>t,</strong></span> <span class='ocrx_word' id='word_1_538' title='bbox 1828 2052 1874 2077; x_wconf 76' lang='lat' dir='ltr'><strong>sed</strong></span> 
     </span>
     <span class='ocr_line' id='line_1_42' title="bbox 66 2086 1873 2122; baseline 0.001 -11"><span class='ocrx_word' id='word_1_539' title='bbox 66 2086 92 2111; x_wconf 81' lang='grc' dir='ltr'><em>ιή</em></span> <span class='ocrx_word' id='word_1_540' title='bbox 114 2086 236 2120; x_wconf 67' lang='grc' dir='ltr'><strong>τηανρίπε</strong></span> <span class='ocrx_word' id='word_1_541' title='bbox 255 2086 384 2119; x_wconf 83' lang='lat' dir='ltr'><strong>preuehe,</strong></span> <span class='ocrx_word' id='word_1_542' title='bbox 405 2087 433 2112; x_wconf 77' lang='lat' dir='ltr'><strong>in</strong></span> <span class='ocrx_word' id='word_1_543' title='bbox 453 2089 477 2111; x_wconf 83' lang='lat' dir='ltr'><strong>H</strong></span> <span class='ocrx_word' id='word_1_544' title='bbox 495 2087 559 2112; x_wconf 81' lang='lat' dir='ltr'><strong>add.</strong></span> <span class='ocrx_word' id='word_1_545' title='bbox 577 2087 605 2112; x_wconf 74' lang='lat' dir='ltr'><strong>in</strong></span> <span class='ocrx_word' id='word_1_546' title='bbox 625 2088 746 2122; x_wconf 73' lang='lat' dir='ltr'><strong>maryz&#39;ne</strong></span> <span class='ocrx_word' id='word_1_547' title='bbox 765 2087 930 2121; x_wconf 74' lang='lat' dir='ltr'><strong>pbebantm,</strong></span> <span class='ocrx_word' id='word_1_548' title='bbox 952 2088 980 2114; x_wconf 71' lang='lat' dir='ltr'><strong>[n</strong></span> <span class='ocrx_word' id='word_1_549' title='bbox 1000 2097 1015 2113; x_wconf 82' lang='lat' dir='ltr'><strong>a</strong></span> <span class='ocrx_word' id='word_1_550' title='bbox 1034 2087 1119 2121; x_wconf 82' lang='lat' dir='ltr'><strong>prebe</strong></span> <span class='ocrx_word' id='word_1_551' title='bbox 1135 2087 1173 2112; x_wconf 59' lang='lat' dir='ltr'><strong>A}</strong></span> <span class='ocrx_word' id='word_1_552' title='bbox 1235 2096 1336 2121; x_wconf 85' lang='lat' dir='ltr'><strong>aquam</strong></span> <span class='ocrx_word' id='word_1_553' title='bbox 1356 2089 1441 2120; x_wconf 82' lang='lat' dir='ltr'><strong>atque</strong></span> <span class='ocrx_word' id='word_1_554' title='bbox 1461 2086 1542 2112; x_wconf 87' lang='lat' dir='ltr'><strong>utilia</strong></span> <span class='ocrx_word' id='word_1_555' title='bbox 1561 2088 1672 2120; x_wconf 77' lang='lat' dir='ltr'><strong>raptum</strong></span> <span class='ocrx_word' id='word_1_556' title='bbox 1691 2087 1792 2121; x_wconf 64' lang='lat' dir='ltr'><strong>egressi</strong></span> <span class='ocrx_word' id='word_1_557' title='bbox 1811 2095 1873 2113; x_wconf 87' lang='lat' dir='ltr'><strong>cum</strong></span> 
     </span>
     <span class='ocr_line' id='line_1_43' title="bbox 64 2121 1872 2157; baseline 0.001 -10"><span class='ocrx_word' id='word_1_558' title='bbox 64 2122 172 2155; x_wconf 79' lang='lat' dir='ltr'><strong>scripsi:</strong></span> <span class='ocrx_word' id='word_1_559' title='bbox 199 2121 320 2154; x_wconf 83' lang='lat' dir='ltr'><strong>adquam</strong></span> <span class='ocrx_word' id='word_1_560' title='bbox 345 2122 435 2155; x_wconf 90' lang='lat' dir='ltr'><strong>adque</strong></span> <span class='ocrx_word' id='word_1_561' title='bbox 459 2123 491 2147; x_wconf 88' lang='lat' dir='ltr'><strong>ut</strong></span> <span class='ocrx_word' id='word_1_562' title='bbox 513 2121 563 2147; x_wconf 83' lang='lat' dir='ltr'><strong>illa</strong></span> <span class='ocrx_word' id='word_1_563' title='bbox 586 2122 674 2156; x_wconf 84' lang='lat' dir='ltr'><strong>raptis</strong></span> <span class='ocrx_word' id='word_1_564' title='bbox 694 2132 785 2149; x_wconf 88' lang='lat' dir='ltr'><strong>secum</strong></span> <span class='ocrx_word' id='word_1_565' title='bbox 805 2126 830 2148; x_wconf 92' lang='lat' dir='ltr'><strong>H</strong></span> <span class='ocrx_word' id='word_1_566' title='bbox 848 2132 882 2149; x_wconf 85' lang='lat' dir='ltr'><strong>m.</strong></span> <span class='ocrx_word' id='word_1_567' title='bbox 894 2133 947 2157; x_wconf 61' lang='lat' dir='ltr'><strong>pr„</strong></span> <span class='ocrx_word' id='word_1_568' title='bbox 968 2124 1002 2149; x_wconf 87' lang='lat' dir='ltr'><strong>ad</strong></span> <span class='ocrx_word' id='word_1_569' title='bbox 1023 2132 1123 2156; x_wconf 87' lang='lat' dir='ltr'><strong>aquam</strong></span> <span class='ocrx_word' id='word_1_570' title='bbox 1144 2123 1234 2156; x_wconf 86' lang='lat' dir='ltr'><strong>adque</strong></span> <span class='ocrx_word' id='word_1_571' title='bbox 1255 2125 1349 2157; x_wconf 82' lang='lat' dir='ltr'><strong>(atque</strong></span> <span class='ocrx_word' id='word_1_572' title='bbox 1369 2125 1434 2156; x_wconf 83' lang='lat' dir='ltr'><strong>abt)</strong></span> <span class='ocrx_word' id='word_1_573' title='bbox 1455 2125 1486 2148; x_wconf 92' lang='lat' dir='ltr'><strong>ut</strong></span> <span class='ocrx_word' id='word_1_574' title='bbox 1505 2122 1555 2148; x_wconf 85' lang='lat' dir='ltr'><strong>illa</strong></span> <span class='ocrx_word' id='word_1_575' title='bbox 1573 2123 1663 2156; x_wconf 87' lang='lat' dir='ltr'><strong>raptis</strong></span> <span class='ocrx_word' id='word_1_576' title='bbox 1683 2131 1777 2148; x_wconf 86' lang='lat' dir='ltr'><strong>secum</strong></span> <span class='ocrx_word' id='word_1_577' title='bbox 1796 2125 1821 2148; x_wconf 90' lang='lat' dir='ltr'><strong>H</strong></span> <span class='ocrx_word' id='word_1_578' title='bbox 1839 2132 1872 2149; x_wconf 83' lang='lat' dir='ltr'><strong>m.</strong></span> 
     </span>
     <span class='ocr_line' id='line_1_44' title="bbox 63 2157 1873 2193; baseline 0.001 -11"><span class='ocrx_word' id='word_1_579' title='bbox 63 2165 112 2183; x_wconf 82' lang='lat' dir='ltr'><strong>sec.</strong></span> <span class='ocrx_word' id='word_1_580' title='bbox 132 2159 188 2182; x_wconf 74' lang='lat' dir='ltr'><strong>abt</strong></span> <span class='ocrx_word' id='word_1_581' title='bbox 263 2160 294 2183; x_wconf 84' lang='lat'><strong>13</strong></span> <span class='ocrx_word' id='word_1_582' title='bbox 314 2157 534 2192; x_wconf 84' lang='lat' dir='ltr'><strong>Brittannorum]</strong></span> <span class='ocrx_word' id='word_1_583' title='bbox 553 2157 745 2185; x_wconf 88' lang='lat' dir='ltr'><strong>britannorum</strong></span> <span class='ocrx_word' id='word_1_584' title='bbox 764 2162 789 2184; x_wconf 98' lang='lat' dir='ltr'><strong>H</strong></span> <span class='ocrx_word' id='word_1_585' title='bbox 807 2167 841 2185; x_wconf 87' lang='lat' dir='ltr'><strong>m.</strong></span> <span class='ocrx_word' id='word_1_586' title='bbox 856 2167 904 2185; x_wconf 82' lang='lat' dir='ltr'><strong>sec.</strong></span> <span class='ocrx_word' id='word_1_587' title='bbox 921 2162 976 2185; x_wconf 80' lang='lat' dir='ltr'><strong>abt</strong></span> <span class='ocrx_word' id='word_1_588' title='bbox 1050 2163 1082 2185; x_wconf 73' lang='lat'><strong>14</strong></span> <span class='ocrx_word' id='word_1_589' title='bbox 1102 2159 1177 2192; x_wconf 86' lang='lat' dir='ltr'><strong>mox]</strong></span> <span class='ocrx_word' id='word_1_590' title='bbox 1196 2168 1302 2185; x_wconf 88' lang='lat' dir='ltr'><strong>morum</strong></span> <span class='ocrx_word' id='word_1_591' title='bbox 1323 2162 1337 2184; x_wconf 89' lang='lat' dir='ltr'><strong>b</strong></span> <span class='ocrx_word' id='word_1_592' title='bbox 1412 2159 1497 2192; x_wconf 86' lang='lat' dir='ltr'><strong>sorte]</strong></span> <span class='ocrx_word' id='word_1_593' title='bbox 1517 2158 1589 2184; x_wconf 81' lang='lat' dir='ltr'><strong>forte</strong></span> <span class='ocrx_word' id='word_1_594' title='bbox 1609 2161 1633 2183; x_wconf 90' lang='lat' dir='ltr'><strong><em>H</em></strong></span> <span class='ocrx_word' id='word_1_595' title='bbox 1701 2158 1805 2193; x_wconf 85' lang='lat' dir='ltr'><strong>Atque]</strong></span> <span class='ocrx_word' id='word_1_596' title='bbox 1825 2158 1873 2183; x_wconf 78' lang='lat' dir='ltr'><strong>ad-</strong></span> 
     </span>
     <span class='ocr_line' id='line_1_45' title="bbox 65 2192 1805 2229; baseline 0.001 -11"><span class='ocrx_word' id='word_1_597' title='bbox 65 2200 119 2225; x_wconf 86' lang='lat' dir='ltr'><strong>que</strong></span> <span class='ocrx_word' id='word_1_598' title='bbox 137 2195 162 2217; x_wconf 89' lang='lat' dir='ltr'><strong>H</strong></span> <span class='ocrx_word' id='word_1_599' title='bbox 180 2201 213 2218; x_wconf 84' lang='lat' dir='ltr'><strong>m.</strong></span> <span class='ocrx_word' id='word_1_600' title='bbox 225 2201 269 2226; x_wconf 69' lang='lat' dir='ltr'><strong>pr,</strong></span> <span class='ocrx_word' id='word_1_601' title='bbox 345 2196 375 2218; x_wconf 74' lang='lat'><strong>15</strong></span> <span class='ocrx_word' id='word_1_602' title='bbox 397 2192 574 2227; x_wconf 77' lang='lat' dir='ltr'><strong>Brittaniam]</strong></span> <span class='ocrx_word' id='word_1_603' title='bbox 602 2193 774 2220; x_wconf 86' lang='lat' dir='ltr'><strong>Britanniam</strong></span> <span class='ocrx_word' id='word_1_604' title='bbox 794 2197 871 2221; x_wconf 75' lang='lat' dir='ltr'><strong>abt?</strong></span> <span class='ocrx_word' id='word_1_605' title='bbox 939 2194 1091 2229; x_wconf 85' lang='lat' dir='ltr'><strong>inscitiam]</strong></span> <span class='ocrx_word' id='word_1_606' title='bbox 1112 2194 1222 2220; x_wconf 84' lang='lat' dir='ltr'><strong>scitiain</strong></span> <span class='ocrx_word' id='word_1_607' title='bbox 1241 2197 1265 2220; x_wconf 89' lang='lat' dir='ltr'><strong><em>H</em></strong></span> <span class='ocrx_word' id='word_1_608' title='bbox 1284 2204 1317 2220; x_wconf 86' lang='lat' dir='ltr'><strong>m.</strong></span> <span class='ocrx_word' id='word_1_609' title='bbox 1330 2204 1373 2228; x_wconf 77' lang='lat' dir='ltr'><strong>pr.</strong></span> <span class='ocrx_word' id='word_1_610' title='bbox 1443 2194 1573 2228; x_wconf 89' lang='lat' dir='ltr'><strong>primum]</strong></span> <span class='ocrx_word' id='word_1_611' title='bbox 1594 2194 1684 2227; x_wconf 86' lang='lat' dir='ltr'><strong>primo</strong></span> <span class='ocrx_word' id='word_1_612' title='bbox 1705 2194 1770 2220; x_wconf 88' lang='lat' dir='ltr'><strong>dum</strong></span> <span class='ocrx_word' id='word_1_613' title='bbox 1791 2197 1805 2219; x_wconf 94' lang='lat' dir='ltr'><strong>b</strong></span> 
     </span>
     <span class='ocr_line' id='line_1_46' title="bbox 67 2227 1871 2264; baseline 0 -10"><span class='ocrx_word' id='word_1_614' title='bbox 67 2231 98 2254; x_wconf 77' lang='lat'><strong>16</strong></span> <span class='ocrx_word' id='word_1_615' title='bbox 118 2227 228 2263; x_wconf 87' lang='lat' dir='ltr'><strong>Suebis]</strong></span> <span class='ocrx_word' id='word_1_616' title='bbox 248 2228 340 2254; x_wconf 85' lang='lat' dir='ltr'><strong>sueuis</strong></span> <span class='ocrx_word' id='word_1_617' title='bbox 359 2230 375 2253; x_wconf 89' lang='lat' dir='ltr'><strong>b</strong></span> <span class='ocrx_word' id='word_1_618' title='bbox 443 2228 549 2263; x_wconf 82' lang='lat' dir='ltr'><strong>Frisiis]</strong></span> <span class='ocrx_word' id='word_1_619' title='bbox 570 2228 686 2256; x_wconf 84' lang='lat' dir='ltr'><strong>Phrisiis</strong></span> <span class='ocrx_word' id='word_1_620' title='bbox 705 2232 728 2256; x_wconf 90' lang='lat' dir='ltr'><strong>b.</strong></span> <span class='ocrx_word' id='word_1_621' title='bbox 750 2232 784 2257; x_wconf 77' lang='grc' dir='ltr'><strong>Ιιι</strong></span> <span class='ocrx_word' id='word_1_622' title='bbox 805 2233 829 2256; x_wconf 88' lang='lat' dir='ltr'><strong>H</strong></span> <span class='ocrx_word' id='word_1_623' title='bbox 848 2231 912 2257; x_wconf 65' lang='lat' dir='ltr'><strong>aelel.</strong></span> <span class='ocrx_word' id='word_1_624' title='bbox 927 2240 960 2256; x_wconf 81' lang='lat' dir='ltr'><strong>m.</strong></span> <span class='ocrx_word' id='word_1_625' title='bbox 977 2240 1026 2257; x_wconf 76' lang='lat' dir='ltr'><strong>rec.</strong></span> <span class='ocrx_word' id='word_1_626' title='bbox 1043 2231 1073 2256; x_wconf 77' lang='lat' dir='ltr'><strong>in</strong></span> <span class='ocrx_word' id='word_1_627' title='bbox 1092 2232 1214 2264; x_wconf 58' lang='lat' dir='ltr'><strong>maraine</strong></span> <span class='ocrx_word' id='word_1_628' title='bbox 1228 2231 1299 2256; x_wconf 74' lang='lat' dir='ltr'><strong>frisii</strong></span> <span class='ocrx_word' id='word_1_629' title='bbox 1360 2229 1536 2264; x_wconf 83' lang='lat' dir='ltr'><strong>commercia]</strong></span> <span class='ocrx_word' id='word_1_630' title='bbox 1557 2229 1720 2255; x_wconf 85' lang='lat' dir='ltr'><strong>commertia</strong></span> <span class='ocrx_word' id='word_1_631' title='bbox 1739 2232 1763 2254; x_wconf 84' lang='lat' dir='ltr'><strong>H</strong></span> <span class='ocrx_word' id='word_1_632' title='bbox 1784 2239 1814 2256; x_wconf 85' lang='lat' dir='ltr'><strong>m.</strong></span> <span class='ocrx_word' id='word_1_633' title='bbox 1826 2239 1871 2263; x_wconf 81' lang='lat' dir='ltr'><strong>pr.</strong></span> 
     </span>
     <span class='ocr_line' id='line_1_47' title="bbox 65 2264 1871 2300; baseline 0.001 -11"><span class='ocrx_word' id='word_1_634' title='bbox 65 2265 102 2289; x_wconf 77' lang='lat' dir='ltr'><strong>ab</strong></span> <span class='ocrx_word' id='word_1_635' title='bbox 149 2264 341 2299; x_wconf 67' lang='lat' dir='ltr'><strong>venumdatos]</strong></span> <span class='ocrx_word' id='word_1_636' title='bbox 356 2264 531 2290; x_wconf 80' lang='lat' dir='ltr'><strong>uenundatos</strong></span> <span class='ocrx_word' id='word_1_637' title='bbox 545 2267 582 2290; x_wconf 85' lang='lat' dir='ltr'><strong>ab</strong></span> <span class='ocrx_word' id='word_1_638' title='bbox 635 2268 666 2291; x_wconf 82' lang='lat'><strong>17</strong></span> <span class='ocrx_word' id='word_1_639' title='bbox 681 2266 828 2300; x_wconf 85' lang='lat' dir='ltr'><strong>indicium]</strong></span> <span class='ocrx_word' id='word_1_640' title='bbox 844 2266 975 2292; x_wconf 84' lang='lat' dir='ltr'><strong>inditium</strong></span> <span class='ocrx_word' id='word_1_641' title='bbox 991 2269 1022 2297; x_wconf 81' lang='lat' dir='ltr'><strong><em>H,</em></strong></span> <span class='ocrx_word' id='word_1_642' title='bbox 1038 2265 1173 2292; x_wconf 86' lang='lat' dir='ltr'><strong>iudicium</strong></span> <span class='ocrx_word' id='word_1_643' title='bbox 1192 2268 1208 2291; x_wconf 92' lang='lat' dir='ltr'><strong>b</strong></span> <span class='ocrx_word' id='word_1_644' title='bbox 1260 2265 1429 2300; x_wconf 83' lang='lat' dir='ltr'><strong>inlustravit]</strong></span> <span class='ocrx_word' id='word_1_645' title='bbox 1445 2265 1598 2291; x_wconf 87' lang='lat' dir='ltr'><strong>illustrauit</strong></span> <span class='ocrx_word' id='word_1_646' title='bbox 1614 2268 1669 2291; x_wconf 84' lang='lat' dir='ltr'><strong>abt</strong></span> <span class='ocrx_word' id='word_1_647' title='bbox 1725 2268 1756 2291; x_wconf 73' lang='grc'><strong>19</strong></span> <span class='ocrx_word' id='word_1_648' title='bbox 1773 2266 1871 2299; x_wconf 83' lang='lat' dir='ltr'><strong>neque]</strong></span> 
     </span>
     <span class='ocr_line' id='line_1_48' title="bbox 67 2300 1871 2336; baseline 0.001 -12"><span class='ocrx_word' id='word_1_649' title='bbox 67 2307 114 2325; x_wconf 88' lang='lat' dir='ltr'><strong>nec</strong></span> <span class='ocrx_word' id='word_1_650' title='bbox 133 2301 148 2324; x_wconf 86' lang='lat' dir='ltr'><strong>b</strong></span> <span class='ocrx_word' id='word_1_651' title='bbox 222 2300 323 2334; x_wconf 83' lang='lat' dir='ltr'><strong>neque]</strong></span> <span class='ocrx_word' id='word_1_652' title='bbox 343 2308 393 2325; x_wconf 86' lang='lat' dir='ltr'><strong>nec</strong></span> <span class='ocrx_word' id='word_1_653' title='bbox 412 2302 427 2325; x_wconf 88' lang='lat' dir='ltr'><strong>b</strong></span> <span class='ocrx_word' id='word_1_654' title='bbox 500 2302 664 2336; x_wconf 84' lang='lat' dir='ltr'><strong>maerorem]</strong></span> <span class='ocrx_word' id='word_1_655' title='bbox 683 2310 834 2328; x_wconf 87' lang='lat' dir='ltr'><strong>moerorem</strong></span> <span class='ocrx_word' id='word_1_656' title='bbox 854 2311 878 2332; x_wconf 77' lang='lat' dir='ltr'><strong>a.</strong></span> <span class='ocrx_word' id='word_1_657' title='bbox 897 2310 1032 2328; x_wconf 86' lang='lat' dir='ltr'><strong>merorem</strong></span> <span class='ocrx_word' id='word_1_658' title='bbox 1051 2304 1066 2327; x_wconf 92' lang='lat' dir='ltr'><strong>b</strong></span> <span class='ocrx_word' id='word_1_659' title='bbox 1141 2304 1173 2327; x_wconf 82' lang='lat'><strong>20</strong></span> <span class='ocrx_word' id='word_1_660' title='bbox 1194 2301 1221 2327; x_wconf 89' lang='lat' dir='ltr'><strong>in</strong></span> <span class='ocrx_word' id='word_1_661' title='bbox 1242 2302 1330 2335; x_wconf 86' lang='lat' dir='ltr'><strong>luctu]</strong></span> <span class='ocrx_word' id='word_1_662' title='bbox 1358 2303 1387 2327; x_wconf 79' lang='lat' dir='ltr'><strong>in</strong></span> <span class='ocrx_word' id='word_1_663' title='bbox 1406 2304 1430 2326; x_wconf 90' lang='lat' dir='ltr'><strong>H</strong></span> <span class='ocrx_word' id='word_1_664' title='bbox 1450 2302 1512 2327; x_wconf 78' lang='lat' dir='ltr'><strong>add.</strong></span> <span class='ocrx_word' id='word_1_665' title='bbox 1529 2310 1562 2327; x_wconf 86' lang='lat' dir='ltr'><strong>m.</strong></span> <span class='ocrx_word' id='word_1_666' title='bbox 1577 2310 1624 2328; x_wconf 69' lang='lat' dir='ltr'><strong>see.</strong></span> <span class='ocrx_word' id='word_1_667' title='bbox 1642 2303 1669 2327; x_wconf 84' lang='lat' dir='ltr'><strong>z&#39;n</strong></span> <span class='ocrx_word' id='word_1_668' title='bbox 1691 2303 1813 2335; x_wconf 50' lang='lat' dir='ltr'><strong>maraine</strong></span> <span class='ocrx_word' id='word_1_669' title='bbox 1833 2301 1871 2326; x_wconf 91' lang='lat' dir='ltr'><strong>in-</strong></span> 
     </span>
    </p>
   </div>
   <div class='ocr_carea' id='block_1_8' title="bbox 65 2344 1872 2639">
    <p class='ocr_par' dir='ltr' id='par_1_12' title="bbox 65 2344 1871 2497">
     <span class='ocr_line' id='line_1_49' title="bbox 66 2344 1871 2390; baseline 0.001 -12"><span class='ocrx_word' id='word_1_670' title='bbox 66 2351 186 2378; x_wconf 83' lang='lat' dir='ltr'><strong>lustrans</strong></span> <span class='ocrx_word' id='word_1_671' title='bbox 259 2356 290 2379; x_wconf 81' lang='lat'><strong>21</strong></span> <span class='ocrx_word' id='word_1_672' title='bbox 311 2353 458 2388; x_wconf 85' lang='lat' dir='ltr'><strong>praedata]</strong></span> <span class='ocrx_word' id='word_1_673' title='bbox 478 2353 643 2387; x_wconf 88' lang='lat' dir='ltr'><strong>praedatum</strong></span> <span class='ocrx_word' id='word_1_674' title='bbox 662 2357 686 2380; x_wconf 89' lang='lat' dir='ltr'><strong>H</strong></span> <span class='ocrx_word' id='word_1_675' title='bbox 705 2364 738 2382; x_wconf 78' lang='lat' dir='ltr'><strong>m.</strong></span> <span class='ocrx_word' id='word_1_676' title='bbox 753 2365 794 2389; x_wconf 73' lang='lat' dir='ltr'><strong>pr.</strong></span> <span class='ocrx_word' id='word_1_677' title='bbox 860 2355 1026 2390; x_wconf 87' lang='lat' dir='ltr'><strong>Brittannis]</strong></span> <span class='ocrx_word' id='word_1_678' title='bbox 1047 2355 1184 2381; x_wconf 88' lang='lat' dir='ltr'><strong>britannis</strong></span> <span class='ocrx_word' id='word_1_679' title='bbox 1204 2358 1228 2380; x_wconf 89' lang='lat' dir='ltr'><strong>H</strong></span> <span class='ocrx_word' id='word_1_680' title='bbox 1245 2364 1276 2381; x_wconf 83' lang='grc' dir='ltr'><strong>ηι.</strong></span> <span class='ocrx_word' id='word_1_681' title='bbox 1292 2363 1340 2382; x_wconf 82' lang='lat' dir='ltr'><strong>sec.</strong></span> <span class='ocrx_word' id='word_1_682' title='bbox 1356 2357 1412 2380; x_wconf 79' lang='lat' dir='ltr'><strong>abt</strong></span> <span class='ocrx_word' id='word_1_683' title='bbox 1480 2358 1512 2380; x_wconf 75' lang='lat'><strong>22</strong></span> <span class='ocrx_word' id='word_1_684' title='bbox 1536 2354 1700 2390; x_wconf 85' lang='lat' dir='ltr'><strong>Graupium]</strong></span> <span class='ocrx_word' id='word_1_685' title='bbox 1721 2344 1871 2388; x_wconf 67' lang='lat' dir='ltr'><strong>Graupiiim</strong></span> 
     </span>
     <span class='ocr_line' id='line_1_50' title="bbox 65 2388 1871 2425; baseline 0.002 -12"><span class='ocrx_word' id='word_1_686' title='bbox 65 2397 82 2413; x_wconf 78' lang='lat' dir='ltr'><strong>a</strong></span> <span class='ocrx_word' id='word_1_687' title='bbox 154 2391 187 2413; x_wconf 77' lang='lat'><strong>23</strong></span> <span class='ocrx_word' id='word_1_688' title='bbox 207 2388 359 2423; x_wconf 86' lang='lat' dir='ltr'><strong>Brittanni]</strong></span> <span class='ocrx_word' id='word_1_689' title='bbox 378 2388 495 2415; x_wconf 80' lang='lat' dir='ltr'><strong>brittani</strong></span> <span class='ocrx_word' id='word_1_690' title='bbox 514 2391 546 2421; x_wconf 81' lang='lat' dir='ltr'><strong><em>H,</em></strong></span> <span class='ocrx_word' id='word_1_691' title='bbox 566 2389 692 2416; x_wconf 85' lang='lat' dir='ltr'><strong>Britanni</strong></span> <span class='ocrx_word' id='word_1_692' title='bbox 711 2394 762 2422; x_wconf 69' lang='lat' dir='ltr'><strong>ab„</strong></span> <span class='ocrx_word' id='word_1_693' title='bbox 782 2391 955 2423; x_wconf 79' lang='lat' dir='ltr'><strong>Britanniam</strong></span> <span class='ocrx_word' id='word_1_694' title='bbox 976 2396 987 2416; x_wconf 90' lang='lat' dir='ltr'><strong>t</strong></span> <span class='ocrx_word' id='word_1_695' title='bbox 1061 2393 1093 2416; x_wconf 74' lang='lat'><strong>24</strong></span> <span class='ocrx_word' id='word_1_696' title='bbox 1112 2390 1283 2425; x_wconf 84' lang='lat' dir='ltr'><strong>foederibus]</strong></span> <span class='ocrx_word' id='word_1_697' title='bbox 1304 2390 1445 2416; x_wconf 85' lang='lat' dir='ltr'><strong>federibus</strong></span> <span class='ocrx_word' id='word_1_698' title='bbox 1464 2400 1480 2415; x_wconf 83' lang='lat' dir='ltr'><strong>a</strong></span> <span class='ocrx_word' id='word_1_699' title='bbox 1553 2393 1586 2416; x_wconf 76' lang='lat'><strong>25</strong></span> <span class='ocrx_word' id='word_1_700' title='bbox 1611 2390 1780 2424; x_wconf 78' lang='lat' dir='ltr'><strong>civitatium]</strong></span> <span class='ocrx_word' id='word_1_701' title='bbox 1805 2390 1871 2416; x_wconf 90' lang='lat' dir='ltr'><strong>ciui-</strong></span> 
     </span>
     <span class='ocr_line' id='line_1_51' title="bbox 65 2424 1864 2460; baseline 0.001 -11"><span class='ocrx_word' id='word_1_702' title='bbox 65 2424 157 2452; x_wconf 81' lang='lat' dir='ltr'><strong>tatum</strong></span> <span class='ocrx_word' id='word_1_703' title='bbox 175 2427 231 2449; x_wconf 75' lang='lat' dir='ltr'><strong>at?</strong></span> <span class='ocrx_word' id='word_1_704' title='bbox 286 2424 438 2459; x_wconf 88' lang='lat' dir='ltr'><strong>adfluebat]</strong></span> <span class='ocrx_word' id='word_1_705' title='bbox 458 2424 620 2451; x_wconf 88' lang='lat' dir='ltr'><strong>adfluebant</strong></span> <span class='ocrx_word' id='word_1_706' title='bbox 637 2428 662 2451; x_wconf 90' lang='lat' dir='ltr'><strong>H</strong></span> <span class='ocrx_word' id='word_1_707' title='bbox 679 2435 714 2452; x_wconf 88' lang='lat' dir='ltr'><strong>m.</strong></span> <span class='ocrx_word' id='word_1_708' title='bbox 725 2436 768 2460; x_wconf 78' lang='lat' dir='ltr'><strong>pr.</strong></span> <span class='ocrx_word' id='word_1_709' title='bbox 833 2430 866 2453; x_wconf 83' lang='lat'><strong>26</strong></span> <span class='ocrx_word' id='word_1_710' title='bbox 885 2427 981 2453; x_wconf 82' lang='lat' dir='ltr'><strong>viridis</strong></span> <span class='ocrx_word' id='word_1_711' title='bbox 1002 2429 1026 2451; x_wconf 86' lang='lat' dir='ltr'><strong>H</strong></span> <span class='ocrx_word' id='word_1_712' title='bbox 1046 2435 1077 2452; x_wconf 88' lang='lat' dir='ltr'><strong>m.</strong></span> <span class='ocrx_word' id='word_1_713' title='bbox 1093 2434 1143 2453; x_wconf 84' lang='lat' dir='ltr'><strong>rec.</strong></span> <span class='ocrx_word' id='word_1_714' title='bbox 1159 2429 1226 2452; x_wconf 80' lang='lat' dir='ltr'><strong>abt:</strong></span> <span class='ocrx_word' id='word_1_715' title='bbox 1246 2426 1314 2452; x_wconf 86' lang='lat' dir='ltr'><strong>uiris</strong></span> <span class='ocrx_word' id='word_1_716' title='bbox 1335 2429 1358 2451; x_wconf 89' lang='lat' dir='ltr'><strong>H</strong></span> <span class='ocrx_word' id='word_1_717' title='bbox 1377 2435 1410 2452; x_wconf 86' lang='lat' dir='ltr'><strong>m.</strong></span> <span class='ocrx_word' id='word_1_718' title='bbox 1425 2434 1477 2459; x_wconf 63' lang='lat' dir='ltr'><strong>pr„</strong></span> <span class='ocrx_word' id='word_1_719' title='bbox 1501 2427 1531 2452; x_wconf 79' lang='lat' dir='ltr'><strong>in</strong></span> <span class='ocrx_word' id='word_1_720' title='bbox 1551 2427 1672 2460; x_wconf 65' lang='lat' dir='ltr'><strong>margine</strong></span> <span class='ocrx_word' id='word_1_721' title='bbox 1692 2426 1754 2452; x_wconf 77' lang='lat' dir='ltr'><strong>add.</strong></span> <span class='ocrx_word' id='word_1_722' title='bbox 1776 2435 1807 2451; x_wconf 88' lang='lat' dir='ltr'><strong>m.</strong></span> <span class='ocrx_word' id='word_1_723' title='bbox 1824 2435 1864 2452; x_wconf 83' lang='lat' dir='ltr'><strong>sec</strong></span> 
     </span>
     <span class='ocr_line' id='line_1_52' title="bbox 65 2459 1817 2497; baseline 0.001 -13"><span class='ocrx_word' id='word_1_724' title='bbox 65 2459 158 2484; x_wconf 87' lang='lat' dir='ltr'><strong>uirens</strong></span> <span class='ocrx_word' id='word_1_725' title='bbox 177 2462 208 2485; x_wconf 78' lang='lat' dir='ltr'><strong>ut</strong></span> <span class='ocrx_word' id='word_1_726' title='bbox 226 2460 257 2485; x_wconf 80' lang='lat' dir='ltr'><strong>in</strong></span> <span class='ocrx_word' id='word_1_727' title='bbox 276 2463 309 2484; x_wconf 83' lang='lat' dir='ltr'><strong>at</strong></span> <span class='ocrx_word' id='word_1_728' title='bbox 364 2462 395 2485; x_wconf 74' lang='lat'><strong>27</strong></span> <span class='ocrx_word' id='word_1_729' title='bbox 416 2461 571 2495; x_wconf 82' lang='lat' dir='ltr'><strong>praestans]</strong></span> <span class='ocrx_word' id='word_1_730' title='bbox 593 2463 718 2494; x_wconf 86' lang='lat' dir='ltr'><strong>prestans</strong></span> <span class='ocrx_word' id='word_1_731' title='bbox 739 2465 763 2488; x_wconf 87' lang='lat' dir='ltr'><strong>H</strong></span> <span class='ocrx_word' id='word_1_732' title='bbox 818 2461 966 2497; x_wconf 84' lang='lat' dir='ltr'><strong>Calgacus]</strong></span> <span class='ocrx_word' id='word_1_733' title='bbox 987 2461 1120 2496; x_wconf 75' lang='lat' dir='ltr'><strong>galgacus</strong></span> <span class='ocrx_word' id='word_1_734' title='bbox 1141 2462 1170 2487; x_wconf 74' lang='lat' dir='ltr'><strong>in</strong></span> <span class='ocrx_word' id='word_1_735' title='bbox 1190 2462 1320 2496; x_wconf 86' lang='lat' dir='ltr'><strong>calgacus</strong></span> <span class='ocrx_word' id='word_1_736' title='bbox 1339 2470 1406 2488; x_wconf 82' lang='lat' dir='ltr'><strong>corr.</strong></span> <span class='ocrx_word' id='word_1_737' title='bbox 1423 2471 1439 2486; x_wconf 86' lang='lat' dir='ltr'><strong>a</strong></span> <span class='ocrx_word' id='word_1_738' title='bbox 1494 2462 1581 2496; x_wconf 86' lang='lat' dir='ltr'><strong>apud]</strong></span> <span class='ocrx_word' id='word_1_739' title='bbox 1601 2463 1671 2495; x_wconf 87' lang='lat' dir='ltr'><strong>aput</strong></span> <span class='ocrx_word' id='word_1_740' title='bbox 1690 2464 1714 2487; x_wconf 85' lang='lat' dir='ltr'><strong>H</strong></span> <span class='ocrx_word' id='word_1_741' title='bbox 1728 2470 1761 2487; x_wconf 85' lang='lat' dir='ltr'><strong>m.</strong></span> <span class='ocrx_word' id='word_1_742' title='bbox 1777 2470 1817 2494; x_wconf 69' lang='lat' dir='ltr'><strong>pr.</strong></span> 
     </span>
    </p>

    <p class='ocr_par' dir='ltr' id='par_1_13' title="bbox 65 2493 1872 2639">
     <span class='ocr_line' id='line_1_53' title="bbox 66 2493 1872 2532; baseline 0.001 -12"><span class='ocrx_word' id='word_1_743' title='bbox 66 2497 98 2520; x_wconf 80' lang='lat'><strong>29</strong></span> <span class='ocrx_word' id='word_1_744' title='bbox 119 2493 263 2529; x_wconf 86' lang='lat' dir='ltr'><strong>Quotiens]</strong></span> <span class='ocrx_word' id='word_1_745' title='bbox 285 2496 313 2521; x_wconf 80' lang='lat' dir='ltr'><strong>in</strong></span> <span class='ocrx_word' id='word_1_746' title='bbox 332 2498 356 2520; x_wconf 89' lang='lat' dir='ltr'><strong>H</strong></span> <span class='ocrx_word' id='word_1_747' title='bbox 374 2504 408 2521; x_wconf 88' lang='lat' dir='ltr'><strong>m.</strong></span> <span class='ocrx_word' id='word_1_748' title='bbox 424 2505 472 2522; x_wconf 53' lang='lat' dir='ltr'><strong>rec.</strong></span> <span class='ocrx_word' id='word_1_749' title='bbox 490 2497 552 2522; x_wconf 76' lang='lat' dir='ltr'><strong>add.</strong></span> <span class='ocrx_word' id='word_1_750' title='bbox 570 2497 598 2522; x_wconf 78' lang='lat' dir='ltr'><strong>in</strong></span> <span class='ocrx_word' id='word_1_751' title='bbox 612 2499 734 2531; x_wconf 73' lang='lat' dir='ltr'><strong>maryine</strong></span> <span class='ocrx_word' id='word_1_752' title='bbox 753 2502 786 2524; x_wconf 78' lang='grc' dir='ltr'><strong>οῖ·</strong></span> <span class='ocrx_word' id='word_1_753' title='bbox 802 2498 910 2532; x_wconf 84' lang='lat' dir='ltr'><strong>calgaci</strong></span> <span class='ocrx_word' id='word_1_754' title='bbox 996 2497 1117 2532; x_wconf 87' lang='lat' dir='ltr'><strong>intueor]</strong></span> <span class='ocrx_word' id='word_1_755' title='bbox 1141 2497 1250 2524; x_wconf 90' lang='lat' dir='ltr'><strong>intuero</strong></span> <span class='ocrx_word' id='word_1_756' title='bbox 1270 2500 1285 2523; x_wconf 92' lang='lat' dir='ltr'><strong>b</strong></span> <span class='ocrx_word' id='word_1_757' title='bbox 1372 2497 1537 2523; x_wconf 84' lang='lat' dir='ltr'><strong>hodiernum</strong></span> <span class='ocrx_word' id='word_1_758' title='bbox 1561 2497 1635 2523; x_wconf 85' lang='lat' dir='ltr'><strong>diem</strong></span> <span class='ocrx_word' id='word_1_759' title='bbox 1655 2505 1872 2530; x_wconf 82' lang='lat' dir='ltr'><strong>consensumque</strong></span> 
     </span>
     <span class='ocr_line' id='line_1_54' title="bbox 65 2530 1871 2567; baseline 0.001 -11"><span class='ocrx_word' id='word_1_760' title='bbox 65 2530 200 2565; x_wconf 82' lang='lat' dir='ltr'><strong>vestrum]</strong></span> <span class='ocrx_word' id='word_1_761' title='bbox 221 2533 381 2564; x_wconf 76' lang='lat' dir='ltr'><strong>consensfiq.</strong></span> <span class='ocrx_word' id='word_1_762' title='bbox 401 2534 460 2557; x_wconf 66' lang='lat' dir='ltr'><strong>urm</strong></span> <span class='ocrx_word' id='word_1_763' title='bbox 480 2531 644 2558; x_wconf 88' lang='lat' dir='ltr'><strong>hodiernum</strong></span> <span class='ocrx_word' id='word_1_764' title='bbox 668 2533 741 2559; x_wconf 81' lang='lat' dir='ltr'><strong>diem</strong></span> <span class='ocrx_word' id='word_1_765' title='bbox 761 2536 785 2559; x_wconf 88' lang='lat' dir='ltr'><strong>H</strong></span> <span class='ocrx_word' id='word_1_766' title='bbox 806 2543 836 2559; x_wconf 85' lang='lat' dir='ltr'><strong>m.</strong></span> <span class='ocrx_word' id='word_1_767' title='bbox 849 2543 903 2567; x_wconf 67' lang='lat' dir='ltr'><strong>pr„</strong></span> <span class='ocrx_word' id='word_1_768' title='bbox 922 2534 967 2560; x_wconf 74' lang='lat' dir='ltr'><strong>secl</strong></span> <span class='ocrx_word' id='word_1_769' title='bbox 986 2543 1019 2560; x_wconf 80' lang='lat' dir='ltr'><strong>m.</strong></span> <span class='ocrx_word' id='word_1_770' title='bbox 1035 2542 1083 2559; x_wconf 80' lang='lat' dir='ltr'><strong>sec.</strong></span> <span class='ocrx_word' id='word_1_771' title='bbox 1099 2542 1166 2560; x_wconf 88' lang='lat' dir='ltr'><strong>corr.</strong></span> <span class='ocrx_word' id='word_1_772' title='bbox 1187 2533 1351 2560; x_wconf 86' lang='lat' dir='ltr'><strong>hodiernum</strong></span> <span class='ocrx_word' id='word_1_773' title='bbox 1372 2533 1445 2559; x_wconf 87' lang='lat' dir='ltr'><strong>diem</strong></span> <span class='ocrx_word' id='word_1_774' title='bbox 1466 2533 1555 2560; x_wconf 77' lang='lat' dir='ltr'><strong>delens</strong></span> <span class='ocrx_word' id='word_1_775' title='bbox 1574 2537 1597 2560; x_wconf 80' lang='lat' dir='ltr'><strong>et</strong></span> <span class='ocrx_word' id='word_1_776' title='bbox 1617 2537 1678 2559; x_wconf 78' lang='lat' dir='ltr'><strong>ante</strong></span> <span class='ocrx_word' id='word_1_777' title='bbox 1698 2541 1871 2559; x_wconf 85' lang='lat' dir='ltr'><strong>consensum-</strong></span> 
     </span>
     <span class='ocr_line' id='line_1_55' title="bbox 66 2566 1872 2604; baseline 0.001 -12"><span class='ocrx_word' id='word_1_778' title='bbox 66 2573 119 2599; x_wconf 85' lang='lat' dir='ltr'><strong>que</strong></span> <span class='ocrx_word' id='word_1_779' title='bbox 138 2566 214 2593; x_wconf 68' lang='lat' dir='ltr'><strong>intra</strong></span> <span class='ocrx_word' id='word_1_780' title='bbox 232 2574 322 2593; x_wconf 78' lang='lat' dir='ltr'><strong>versus</strong></span> <span class='ocrx_word' id='word_1_781' title='bbox 340 2567 443 2594; x_wconf 83' lang='lat' dir='ltr'><strong>addens</strong></span> <span class='ocrx_word' id='word_1_782' title='bbox 515 2570 548 2592; x_wconf 81' lang='lat'><strong>30</strong></span> <span class='ocrx_word' id='word_1_783' title='bbox 568 2570 796 2604; x_wconf 80' lang='lat' dir='ltr'><strong>consensumque]</strong></span> <span class='ocrx_word' id='word_1_784' title='bbox 817 2578 1020 2603; x_wconf 79' lang='lat' dir='ltr'><strong>consensusque</strong></span> <span class='ocrx_word' id='word_1_785' title='bbox 1041 2571 1055 2594; x_wconf 93' lang='lat' dir='ltr'><strong>b</strong></span> <span class='ocrx_word' id='word_1_786' title='bbox 1130 2568 1295 2603; x_wconf 85' lang='lat' dir='ltr'><strong>Brittaniae]</strong></span> <span class='ocrx_word' id='word_1_787' title='bbox 1316 2569 1486 2595; x_wconf 85' lang='lat' dir='ltr'><strong>brittanniae</strong></span> <span class='ocrx_word' id='word_1_788' title='bbox 1506 2572 1530 2594; x_wconf 80' lang='grc' dir='ltr'><em>Η</em></span> <span class='ocrx_word' id='word_1_789' title='bbox 1550 2578 1582 2594; x_wconf 82' lang='lat' dir='ltr'><strong>m.</strong></span> <span class='ocrx_word' id='word_1_790' title='bbox 1596 2578 1648 2602; x_wconf 58' lang='lat' dir='ltr'><strong>pr..</strong></span> <span class='ocrx_word' id='word_1_791' title='bbox 1669 2568 1827 2594; x_wconf 83' lang='lat' dir='ltr'><strong>britanniae</strong></span> <span class='ocrx_word' id='word_1_792' title='bbox 1849 2570 1872 2593; x_wconf 80' lang='grc' dir='ltr'><strong>Η</strong></span> 
     </span>
     <span class='ocr_line' id='line_1_56' title="bbox 67 2602 1441 2639; baseline 0.003 -12"><span class='ocrx_word' id='word_1_793' title='bbox 67 2610 98 2627; x_wconf 83' lang='lat' dir='ltr'><strong>m.</strong></span> <span class='ocrx_word' id='word_1_794' title='bbox 115 2610 162 2628; x_wconf 72' lang='lat' dir='ltr'><strong>sec.</strong></span> <span class='ocrx_word' id='word_1_795' title='bbox 179 2603 236 2626; x_wconf 79' lang='lat' dir='ltr'><strong>abt</strong></span> <span class='ocrx_word' id='word_1_796' title='bbox 248 2604 260 2627; x_wconf 81' lang='lat'><strong>¹?</strong></span> <span class='ocrx_word' id='word_1_797' title='bbox 334 2602 478 2628; x_wconf 86' lang='lat' dir='ltr'><strong>coaluistis</strong></span> <span class='ocrx_word' id='word_1_798' title='bbox 497 2604 607 2637; x_wconf 80' lang='lat' dir='ltr'><strong>scripsi:</strong></span> <span class='ocrx_word' id='word_1_799' title='bbox 626 2604 718 2630; x_wconf 82' lang='lat' dir='ltr'><strong>colitis</strong></span> <span class='ocrx_word' id='word_1_800' title='bbox 737 2607 763 2631; x_wconf 83' lang='lat' dir='ltr'><strong>et</strong></span> <span class='ocrx_word' id='word_1_801' title='bbox 785 2608 834 2637; x_wconf 73' lang='lat' dir='ltr'><strong>nt,</strong></span> <span class='ocrx_word' id='word_1_802' title='bbox 855 2613 903 2631; x_wconf 87' lang='lat' dir='ltr'><strong>om.</strong></span> <span class='ocrx_word' id='word_1_803' title='bbox 919 2607 956 2630; x_wconf 76' lang='lat' dir='ltr'><strong>ab</strong></span> <span class='ocrx_word' id='word_1_804' title='bbox 1030 2608 1061 2629; x_wconf 68' lang='lat'><strong>32</strong></span> <span class='ocrx_word' id='word_1_805' title='bbox 1083 2605 1177 2639; x_wconf 85' lang='lat' dir='ltr'><strong>atque]</strong></span> <span class='ocrx_word' id='word_1_806' title='bbox 1199 2605 1290 2637; x_wconf 84' lang='lat' dir='ltr'><strong>adque</strong></span> <span class='ocrx_word' id='word_1_807' title='bbox 1310 2607 1334 2629; x_wconf 88' lang='lat' dir='ltr'><strong>H</strong></span> <span class='ocrx_word' id='word_1_808' title='bbox 1353 2613 1385 2630; x_wconf 86' lang='lat' dir='ltr'><strong>m.</strong></span> <span class='ocrx_word' id='word_1_809' title='bbox 1400 2614 1441 2638; x_wconf 69' lang='lat' dir='ltr'><strong>pr.</strong></span> 
     </span>
    </p>
   </div>
   <div class='ocr_carea' id='block_1_9' title="bbox 1520 2649 1554 2674">
    <p class='ocr_par' dir='ltr' id='par_1_14' title="bbox 1520 2649 1554 2674">
     <span class='ocr_line' id='line_1_57' title="bbox 1520 2649 1554 2674; baseline 0 -12"><span class='ocrx_word' id='word_1_810' title='bbox 1520 2649 1554 2674; x_wconf 67' lang='lat'><strong>3*</strong></span> 
     </span>
    </p>
   </div>
   <div class='ocr_carea' id='block_1_10' title="bbox 1887 277 1921 302">
    <p class='ocr_par' dir='ltr' id='par_1_15' title="bbox 1887 277 1921 302">
     <span class='ocr_line' id='line_1_58' title="bbox 1887 277 1902 302; textangle 90"><span class='ocrx_word' id='word_1_811' title='bbox 1887 277 1902 302; x_wconf 64' lang='lat' dir='ltr'><strong>na</strong></span> 
     </span>
     <span class='ocr_line' id='line_1_59' title="bbox 1908 277 1921 302; textangle 90"><span class='ocrx_word' id='word_1_812' title='bbox 1908 277 1921 302; x_wconf 61' lang='grc' dir='ltr'><strong>ιι</strong></span> 
     </span>
    </p>
   </div>
   <div class='ocr_carea' id='block_1_11' title="bbox 1890 1538 1926 1563">
    <p class='ocr_par' dir='ltr' id='par_1_16' title="bbox 1890 1538 1926 1563">
     <span class='ocr_line' id='line_1_60' title="bbox 1890 1538 1926 1563; baseline 0 0"><span class='ocrx_word' id='word_1_813' title='bbox 1890 1538 1926 1563; x_wconf 81' lang='lat'><strong>:30</strong></span> 
     </span>
    </p>
   </div>
  </div>
 </body>
</html>
