2112 2891
159 683 192 709 31

215 198 254 229 14
784 196 952 223 CORNELII
972 196 1091 223 TACITI
1109 195 1314 222 AGRICOLAE
1335 198 1438 222 30-3‘2
1935 198 2020 222 ΚΒΜ

212 280 335 311 Priores
366 290 500 322 pugnae,
529 278 645 320 quibus
679 278 828 309 adversus
857 278 1020 310 Romanos
1048 279 1136 310 varia
1168 278 1298 309 fortuna
1327 280 1482 309 certatum
1512 280 1568 319 est,
1597 288 1685 319 spem
1714 288 1751 309 ac
1778 278 1955 309 subsidium
1986 278 2019 309 in

210 324 327 356 nostris
352 324 497 355 manibus
520 323 689 363 habebant,
714 323 787 363 quia
811 323 1003 355 nobilissimi
1028 323 1128 354 totius
1152 322 1329 354 Brittaniae
1353 333 1454 364 eoque
1478 323 1509 353 iu
1536 323 1613 364 ipsis
1637 322 1854 364 penetralibus
1883 323 1937 354 siti
1961 333 2020 355 nec

211 371 275 401 ulla
303 369 505 400 servientium
530 368 624 398 litora
649 368 838 409 aspicientes
863 368 973 399 oculos
997 379 1124 418 quoque
1148 379 1167 399 a
1191 370 1339 400 contactu
1365 367 1593 398 dominationis
1618 367 1789 399 inviolatos
1813 367 2018 399 habebamus.

210 413 278 445 Nos
303 416 457 445 terrarum
482 423 515 443 ac
544 412 703 444 libertatis
732 415 890 443 extremos
920 423 1061 444 recessus
1091 413 1159 454 ipse
1189 423 1224 444 ac
1253 413 1342 443 sinus
1371 412 1455 443 fama
1485 412 1516 443 in
1545 411 1630 444 hunc
1659 412 1741 443 diem
1772 412 1925 444 defendit:
1955 412 2024 452 iam,

210 459 364 489 terminus
388 457 562 489 Brittaniae
585 459 681 498 patet
728 456 829 498 Atqui
853 468 947 489 omne
972 458 1119 497 iunctum
1147 468 1206 499 pro
1235 457 1406 499 magnifico
1435 459 1491 487 est.
1539 456 1600 488 Sed
1624 458 1713 488 nulla
1736 457 1799 488 iam
1824 457 1908 488 ultra
1932 467 2018 499 gens,
2047 469 2058 488 ε,

210 503 291 534 nihil
323 503 384 534 nisi
412 503 526 533 fluctus
554 512 590 533 ac
619 513 694 533 saxa
722 504 754 532 et
783 502 963 534 infestiores
994 502 1139 542 Romani,
1168 513 1304 543 quorum
1334 502 1515 543 superbiam
1545 502 1665 533 frustra
1688 512 1745 543 per
1769 501 1958 542 obsequium
1983 512 2019 533 ac

210 547 397 578 modestiam
422 547 563 589 effugias.
610 546 767 587 Raptores
793 547 888 586 orbis,
912 549 1082 588 postquam
1108 528 1222 577 cunct-a
1247 546 1446 577 vastantibus
1472 546 1598 578 defuere
1627 548 1738 586 terrae,
1767 557 1853 577 mare
1877 548 2018 578 scrutan-

210 595 270 623 tur.
317 591 349 623 Si
374 591 514 632 locuples
539 590 641 622 hostis
666 593 723 631 est,
752 591 848 632 avari,
873 591 899 622 51
923 602 1053 633 pauper,
1077 591 1249 626 ambitiosi.
1275 602 1354 632 quos
1380 602 1444 622 non
1469 591 1591 631 Oriens,
1616 602 1679 622 non
1704 590 1859 622 Occidens
1887 591 2018 622 satiave-

210 638 263 668 rit:
287 636 347 667 soli
367 636 507 667 omnium
529 647 604 677 opes
625 638 720 677 atque
740 636 880 677 inopiam
905 637 974 677 pari
999 636 1127 668 adfectu
1152 637 1390 677 concupiscunt.
1435 635 1577 671 Auferre.
1602 636 1769 675 trucidare,
1793 646 1904 677 rapere
1927 635 2018 667 falsis

211 681 391 712 nominibus
420 681 588 722 imperium
618 682 721 721 atque,
751 680 805 711 ubi
834 680 1041 712 solitudinem
1069 681 1200 721 faciunt,
1228 691 1338 721 pacem
1370 681 1541 722 appellant.
1588 680 1721 712 Liberos
1749 681 1864 722 cuique
1888 691 1924 712 ac
1947 691 2016 722 pro·
2034 693 2058 712 ιο

209 726 344 767 pinquos
374 736 448 756 suos
476 728 588 756 natura
617 725 798 756 carissimos
827 737 895 757 esse
920 725 1034 757 voluit:
1063 725 1095 756 hi
1121 736 1177 766 per
1205 725 1339 757 dilectus
1364 725 1440 757 alibi
1466 725 1614 757 servituri
1640 725 1837 766 auferuntur,
1865 725 2017 768 coniuges

209 781 403 811 sororesque,
427 770 479 801 etl
481 782 522 801 un
547 770 572 801 si
598 769 747 801 hostilem
773 770 938 801 libidinem
964 772 1152 812 effugerunt
1176 770 1304 801 nomine
1325 770 1500 801 amicorum
1520 773 1616 820 atque
1634 770 1800 812 hospitum
1819 769 2016 812 polluuntur.

209 815 296 846 Bona
319 815 528 856 fortunaeque
553 814 585 845 in
609 814 775 855 tributum,
800 827 815 845 11
819 826 874 857 ger
898 817 994 856 atque
1018 826 1119 846 annus
1146 816 1178 846 111
1203 816 1408 856 frumentum,
1428 826 1564 857 corpora
1583 815 1653 857 ipsa
1672 826 1708 846 ac
1732 826 1844 847 manus
1868 815 1957 846 silvis
1981 826 2018 847 ac

208 859 374 900 paludibus
404 859 600 890 emuniendis
630 859 712 890 inter
740 860 871 890 verbera
900 862 931 891 et
955 860 1165 891 contumelias
1190 861 1407 892 conteruntur.
1454 859 1538 891 Nata
1562 860 1710 891 servituti
1735 859 1894 901 mancipia
1918 859 2016 892 semel

209 906 343 935 veneunt
366 906 460 945 atque
480 904 564 935 ultro
584 916 601 934 a
621 903 758 935 dominis
779 905 919 935 aluntur:
944 904 1103 935 Brittania
1122 905 1310 936 servitutem
1331 916 1420 936 suam
1441 905 1557 936 cotidie
1577 905 1663 940 emit,
1683 904 1800 936 cotidie
1818 905 1930 946 pascit.
1968 904 2016 936 Ac
2032 916 2056 936 15

207 949 288 980 sicut
308 949 338 979 10
359 949 481 980 familia
500 949 735 980 recentissimus
756 950 890 990 quisque
911 961 1073 981 servorum
1094 949 1190 981 etiam
1212 950 1373 981 conservis
1393 949 1532 982 ludibrio
1552 952 1610 990 est,
1630 950 1675 981 sic
1694 951 1727 981 in
1742 949 1803 980 hoc
1818 949 1904 981 orbis
1919 951 2016 981 terra-

208 1005 276 1024 rum
296 996 400 1024 vetere
424 994 579 1024 famulatu
604 994 678 1024 novi
704 1005 761 1024 nos
787 997 818 1025 et
841 994 919 1024 viles
945 994 974 1025 111
1001 994 1159 1026 excidium
1181 995 1329 1035 petimur.
1368 994 1479 1036 Neque
1500 995 1584 1026 enim
1605 1005 1681 1026 arva
1699 994 1793 1026 nobis
1813 996 1868 1026 aut
1887 995 2017 1027 metalla

206 1040 260 1069 aut
287 1041 399 1079 portus
433 1041 516 1078 suut,
544 1038 659 1079 quibus
693 1039 876 1070 exercendis
910 1050 1114 1070 reservemur.
1164 1039 1275 1071 Virtus
1303 1050 1399 1081 porro
1428 1050 1464 1071 ac
1492 1039 1612 1071 ferocia
1640 1039 1855 1072 subiectorum
1890 1039 2018 1082 ingrata

206 1082 444 1123 imperantibus,
476 1086 507 1113 et
539 1083 760 1125 longinquitas
794 1094 830 1114 ac
863 1086 1017 1115 secretum
1053 1085 1158 1125 ipsum
1188 1095 1250 1125 quo
1284 1085 1395 1125 tutius,
1424 1095 1460 1115 eo
1490 1084 1679 1126 suspectius.
1726 1083 1775 1115 Ita
1805 1084 1932 1116 sublata
1960 1095 2016 1125 spe

206 1127 314 1158 veniae
342 1128 467 1158 tandem
498 1128 612 1159 sumite
637 1128 788 1168 animum,
817 1131 881 1160 tam
907 1129 1024 1170 quibus
1053 1128 1138 1160 salus
1163 1140 1257 1179 quam
1283 1129 1400 1170 quibus
1429 1129 1533 1171 gloria
1557 1129 1719 1161 carissima
1744 1130 1799 1160 est.
1846 1128 2016 1171 Brigantes
2030 1140 2057 1160 so

206 1172 322 1203 femina
350 1172 427 1203 duce
456 1183 586 1203 exurere
611 1173 779 1213 coloniam,
808 1184 991 1214 expuffnare
1016 1175 1121 1205 castra
1145 1186 1189 1211 ac,
1213 1174 1274 1205 nisi
1298 1174 1436 1206 felicitas
1460 1174 1492 1205 in
1518 1173 1697 1206 socordiam
1722 1174 1878 1215 vertisset,
1902 1184 2016 1205 exuere

206 1217 314 1258 iumim
338 1219 482 1258 potuere:
507 1228 564 1248 nos
590 1217 705 1258 integri
726 1220 756 1248 it
778 1218 924 1249 indomiti
945 1222 977 1249 et
997 1219 1029 1250 in
1049 1218 1240 1252 libertatem
1265 1230 1328 1249 non
1354 1219 1385 1250 in
1410 1219 1598 1260 patientiam
1619 1219 1761 1250 bellaturi
1780 1219 1885 1268 primo
1905 1218 2015 1250 statim

153 1264 180 1285 :-
205 1272 377 1303 congressu
401 1262 612 1311 ostendamus,
636 1273 716 1302 quos
741 1262 801 1293 sibi
828 1264 850 1293 C
854 1263 993 1295 alidonia
1016 1264 1103 1294 viros
1127 1264 1311 1305 seposuerit.
1360 1263 1410 1295 An
1441 1264 1571 1295 eandem
1602 1263 1756 1295 Romanis
1784 1263 1818 1295 in
1845 1263 1930 1296 bello
1955 1263 2016 1295 vir-

205 1308 303 1337 tutem
337 1317 431 1347 quam
466 1307 498 1337 in
531 1317 607 1347 pace
640 1306 802 1338 lasciviam
837 1308 946 1339 adesse
976 1308 1126 1339 creditis?
1164 1307 1293 1340 Nostris
1323 1309 1370 1340 illi
1399 1308 1652 1340 dissensionibus
1681 1319 1717 1339 ac
1746 1308 1913 1340 discordiis
1937 1308 2015 1340 clari

206 1350 282 1381 vitia
308 1350 448 1382 hostium
478 1351 509 1382 in
538 1351 673 1393 gloriam
697 1353 854 1383 exercitus
878 1353 927 1384 sui
952 1355 1089 1384 vertunt.
1137 1352 1237 1390 Quem
1263 1356 1463 1385 contractum
1489 1364 1526 1384 ex
1556 1353 1781 1385 diversissimis
1806 1354 1956 1395 gentibus
1980 1355 2016 1385 ut
2031 1365 2055 1384 25

204 1395 357 1426 secundae
381 1407 429 1426 res
453 1398 570 1436 tenent,
595 1396 640 1427 ita
663 1397 811 1427 adversae
837 1397 1021 1438 dissolvent,
1046 1397 1107 1429 nisi
1133 1398 1157 1429 si
1179 1397 1286 1429 Gallos
1312 1402 1343 1429 et
1363 1398 1539 1429 Germanos
1564 1401 1595 1430 et
1615 1398 1728 1439 (pudet
1752 1397 1854 1440 dictu)
1875 1398 2014 1430 Brittan-

205 1450 316 1470 norum
345 1441 522 1481 plerosque,
550 1441 624 1472 licet
652 1441 863 1473 dominationi
892 1442 1013 1473 alienae
1043 1443 1229 1485 sanguinem
1260 1443 1472 1483 commodent,
1501 1443 1621 1474 diutius
1650 1446 1756 1474 tamen
1785 1442 1895 1474 hostes
1920 1453 2014 1483 quam

204 1495 309 1515 servos
338 1485 398 1515 fide
427 1487 459 1516 et
487 1485 612 1516 adfectu
641 1487 741 1517 teneri
770 1488 898 1527 putatis.
947 1487 1051 1519 Metus
1080 1498 1116 1519 ac
1145 1491 1248 1519 teri-01·
1276 1492 1350 1519 sunt
1381 1488 1506 1519 infirma
1536 1488 1639 1519 vincla
1669 1487 1826 1519 caritatis:
1855 1498 1935 1529 quae
1959 1487 2022 1524 ubi⁴

204 1529 383 1564 10,11101’01·15
411 1529 464 1570 qui
494 1530 605 1561 timere
637 1531 795 1567 desierint,
825 1532 929 1563 odisse
960 1533 1123 1574 incipient.
1171 1532 1286 1564 Omnia
1312 1533 1462 1564 victoriae
1492 1533 1699 1564 incitamenta
1723 1543 1782 1574 pro
1807 1532 1900 1564 nobis
1925 1534 2014 1564 sunt:

204 1574 308 1604 nullae
333 1576 488 1605 1101110005
513 1574 664 1613 coniufres
688 1576 873 1610 accendunt
898 1578 978 1608 nulli
1001 1580 1148 1618 parentis
1173 1579 1238 1619 tuo·
1242 1589 1282 1608 110
1309 1577 1529 1618 expr‹)br-·atu1i
1555 1580 1638 1618 sunt,
1663 1580 1717 1609 aut
1740 1578 1830 1609 nulla
1853 1577 2014 1619 plerisque
2029 1588 2055 1608 ³0

203 1618 305 1658 patria
329 1622 383 1649 aut
406 1619 467 1650 alia
491 1622 545 1650 est
593 1619 715 1651 Paucos
745 1632 875 1652 numero
907 1622 978 1661 iam,
1006 1622 1148 1663 trepidos
1178 1622 1368 1664 ignorantia,
1398 1623 1517 1654 caelum
1550 1623 1654 1663 ipsum
1680 1634 1715 1654 ac
1744 1633 1830 1653 maie
1854 1624 1886 1653 et
1910 1622 2015 1661 silvas,

203 1662 311 1704 ignota
343 1664 456 1697 omnia
489 1665 788 1715 circumspectantes
821 1666 945 1698 clausos
979 1667 1115 1707 quodam
1156 1667 1250 1698 1110ᾶο
1284 1678 1320 1698 ac
1354 1667 1476 1698 vinctos
1509 1667 1554 1698 dii
1588 1667 1678 1698 vobis
1711 1667 1918 1698 tradiderunt.
1965 1666 2014 1698 Ne

203 1708 317 1738 terreat
341 1719 438 1739 vanus
467 1712 612 1750 aspectus
641 1712 672 1740 et
701 1712 768 1741 auri
798 1711 905 1752 fulvor
929 1714 1024 1752 atque
1049 1712 1183 1752 amenti
1208 1711 1292 1753 quod
1323 1723 1424 1753 neque
1449 1712 1531 1753 tegit
1554 1723 1657 1753 neque
1681 1711 1835 1744 vuhierat.
1884 1711 1919 1742 Iu
1944 1712 2014 1753 ipsa

310 1807 320 1828 1
342 1805 384 1838 ac]
406 1806 434 1831 in
453 1808 477 1830 Η
497 1816 528 1831 m.
544 1815 591 1833 see.
608 1806 671 1832 add.
688 1808 715 1832 in
733 1809 853 1840 ηιανῃίηεΙ
873 1809 907 1833 ad
1001 1812 1015 1834 :'.¹.
1035 1808 1174 1843 manibus]
1196 1808 1314 1834 nauibus
1334 1812 1349 1834 b
1425 1809 1590 1844 Brittaniae]
1612 1809 1783 1835 brittanniae
1802 1811 1835 1841 Η,
1856 1808 2012 1835 britanniae

202 1841 278 1879 abt?
363 1843 378 1866 3
398 1840 465 1875 ulla]
486 1850 535 1867 om.
551 1844 588 1867 ab
676 1842 769 1877 litora]
790 1843 886 1869 littora
906 1853 922 1869 a
1009 1844 1151 1879 contactu]
1173 1846 1202 1870 in
1221 1847 1246 1869 H
1266 1845 1327 1870 add.
1346 1855 1377 1870 m.
1392 1854 1441 1871 see
1458 1846 1596 1878 conpactu
1687 1847 1703 1869 4
1724 1844 1800 1870 fama
1820 1845 2011 1871 Boschomius:

202 1876 292 1915 famae
312 1878 395 1901 Habt
466 1877 601 1911 defendit]
623 1878 734 1904 defendi
754 1884 765 1904 t
838 1879 893 1905 iam
912 1881 1021 1913 scripsi:
1042 1882 1100 1906 tum
1121 1882 1145 1905 Η
1166 1889 1197 1906 ηι.
1210 1890 1264 1914 pr,
1284 1889 1356 1906 nunc
1376 1883 1400 1906 Η
1421 1890 1452 1907 m.
1468 1889 1516 1907 sec.
1533 1883 1590 1906 abt
1672 1884 1686 1905 Γ)
1707 1880 1873 1915 Brittaniae]
1895 1880 2012 1906 brittan—

202 1919 263 1936 mae
277 1913 301 1935 Η
317 1920 348 1937 m.
359 1920 416 1939 sec..
433 1912 585 1939 britanniae
601 1916 677 1939 abt?
749 1915 837 1949 patet]
859 1917 933 1948 pan&v
948 1918 972 1940 Η
988 1925 1019 1941 ιιι.
1032 1925 1071 1947 pr.
1146 1916 1231 1948 Atqui
1247 1918 1356 1949 scripsi:
1378 1916 1470 1950 adque
1485 1919 1509 1942 11
1524 1926 1556 1943 m.
1565 1925 1619 1951 pr„
1639 1917 1686 1950 atq
1688 1925 1722 1942 ue
1738 1919 1762 1941 Η
1776 1925 1810 1942 m.
1821 1925 1869 1943 sec.
1886 1918 1942 1942 abt

201 1946 292 1980 omne]
307 1955 356 1972 om.
368 1952 379 1972 t
433 1952 447 1973 6
464 1950 506 1982 nc]
523 1951 551 1974 et
565 1952 602 1974 ab
655 1952 669 1974 7
685 1950 812 1984 0111111115]
830 1950 935 1983 fugeris
950 1961 974 1982 a,
989 1952 1035 1978 scd
1050 1960 1116 1978 corr
1130 1952 1157 1976 ιή
1174 1951 1314 1985 effugeris
1329 1952 1413 1984 exfufv
1397 1953 1469 1985 neiis
1485 1956 1499 1978 b
1553 1926 1686 1986 defuere]q
1692 1952 1822 1978 defuerae
1837 1951 1861 1977 H
1876 1961 1909 1978 m.
1917 1961 1961 1986 pr.

202 1982 301 2016 terrae]
326 1984 428 2008 terram
453 1986 479 2009 vt
503 1987 527 2009 Η
552 1994 583 2010 m
603 1994 651 2011 sec
671 1988 727 2010 abt
818 1988 985 2027 scrutantur]
1007 1996 1034 2013 sc
1055 1989 1185 2013 utrantur
1203 1990 1227 2012 H
1248 1997 1279 2013 m.
1292 1997 1335 2021 pr.
1428 1992 1443 2013 8
1464 1987 1618 2023 ambitiosi]
1645 1987 1787 2014 amuitiosi
1807 1990 1831 2013 Η
1849 1997 1884 2014 m.
1895 1996 1939 2021 pr.

202 2017 354 2052 satiaverit]
376 2019 524 2045 saciauerit
543 2023 567 2045 Η
588 2030 619 2046 m.
632 2030 683 2054 pr,
708 2031 741 2047 m
759 2031 807 2048 r-ec
823 2022 885 2048 add
909 2024 936 2048 in
963 2032 1084 2057 inaratae
1103 2023 1224 2049 auaritia
1247 2032 1423 2049 romanorum
1517 2027 1531 2049 9
1552 2024 1647 2058 atque]
1669 2024 1761 2057 adque
1780 2026 1805 2049 Η
1824 2032 1856 2049 m.
1870 2032 1913 2057 pr.
1929 2027 1941 2049 t

201 2070 323 2105 adfectu]
344 2071 443 2097 affectu
463 2082 479 2097 a
557 2078 588 2099 10
608 2075 703 2109 atque]
724 2075 815 2108 adque,
835 2078 859 2100 Η
942 2079 972 2102 11
994 2076 1162 2111 carissimos]
1184 2060 1341 2103 charissimos
1361 2087 1377 2102 a.
1451 2077 1547 2111 xoluit]
1568 2077 1667 2103 uolunt
1686 2082 1698 2102 t
1717 2086 1750 2103 m.
1762 2086 1806 2110 pr.
1880 2076 2010 2112 dilectus]

202 2105 324 2132 delectus
339 2109 363 2132 Η
376 2111 535 2134 ’111-001101
592 2113 622 2135 12
643 2109 809 2145 effugerunt]
830 2111 965 2145 eflugiant
985 2115 1021 2137 ab
1077 2112 1173 2146 atque]
1190 2112 1281 2145 adque
1297 2115 1321 2138 11
1337 2122 1359 2138 ηι
1382 2122 1424 2146 pr.
1483 2117 1514 2140 13
1534 2113 1728 2147 fortunaeque]
1749 2114 1779 2139 in
1794 2115 1818 2138 Η
1832 2113 1896 2139 add.
1911 2121 1945 2139 m.
1960 2121 2010 2139 rec.

203 2142 229 2166 1'11
256 2150 375 2176 margine
398 2152 463 2176 que;
483 2145 593 2170 fortuna
617 2154 686 2178 eque
711 2151 730 2177 t,
756 2146 875 2174 fortune.
899 2155 953 2182 que
977 2150 1001 2178 b
1027 2148 1140 2173 fotunae
1166 2147 1242 2179 Quae
1268 2158 1292 2179 a,
1318 2149 1347 2174 in
1372 2157 1423 2182 elwa
1449 2150 1477 2175 in
1497 2150 1620 2183 nmryine
1639 2157 1707 2175 aser.
1723 2158 1749 2181 (μ
1840 2156 1907 2182 ager
1926 2149 2011 2182 atque

203 2177 329 2204 luczobus
350 2180 500 2212 agciatque
519 2183 568 2212 Et,
588 2184 705 2215 aggerat
724 2184 759 2206 ab
834 2175 930 2217 aimus]
954 2184 982 2209 in
1001 2185 1025 2208 H
1045 2184 1108 2210 addv
1125 2193 1157 2210 m.
1173 2192 1222 2210 rec.
1239 2185 1268 2210 in
1288 2185 1411 2218 maryine
1430 2187 1498 2217 quot
1518 2185 1578 2211 {inis
1654 2188 1685 2210 14
1705 2185 1742 2218 et]
1765 2192 1797 2210 ac
1817 2186 1873 2210 abt
1945 2192 2011 2210 con-

202 2214 338 2239 teruntur
357 2214 483 2241 Iacobus:
504 2218 649 2242 conterunt
668 2219 753 2243 Habt
828 2222 858 2243 15
879 2220 974 2253 atque]
995 2219 1087 2252 adque
1106 2221 1131 2245 Η
1149 2228 1182 2245 m.
1196 2229 1238 2253 pr,
1309 2219 1457 2254 Brittania]
1480 2220 1623 2247 Britannia
1642 2223 1719 2246 abt?
1797 2219 1909 2255 cotidie]
1931 2221 2011 2253 quot-

202 2247 270 2273 tidie
289 2251 326 2274 ab
381 2250 493 2289 cotidie]
515 2252 653 2283 quottidie
673 2255 710 2278 ab
777 2257 807 2279 16
829 2254 922 2289 etiam]
944 2263 994 2281 om.
1010 2257 1025 2280 b
1092 2258 1122 2281 17
1143 2255 1250 2290 Neque]
1271 2264 1322 2281 nec
1341 2258 1356 2281 b
1424 2259 1454 2281 19
1475 2256 1689 2291 imperantibus]
1710 2255 1904 2288 inperantibus
1923 2257 1948 2281 Η

203 2286 234 2308 ·20
255 2284 364 2319 sumite]
386 2285 486 2312 sumite
505 2296 521 2311 a
611 2288 764 2323 carissima]
791 2289 953 2316 charissima
973 2300 1001 2321 a,
1022 2290 1177 2316 clarissima
1197 2293 1212 2316 b
1304 2291 1371 2317 Bri<r
1352 2292 1461 2326 gantes]
1482 2292 1626 2326 brigantes
1645 2294 1681 2323 11
1700 2291 1746 2318 secl
1766 2300 1798 2317 111¹.
1813 2300 1863 2318 rec.
1879 2291 1897 2317 b
1917 2291 1966 2319 dez.
1986 2295 2011 2318 et

201 2323 263 2345 unte
284 2329 383 2346 versum
405 2330 471 2347 (iser.
489 2322 599 2348 1321
622 2324 736 2358 femina]
757 2325 879 2351 foemina
898 2336 913 2351 a
969 2327 1138 2361 expugnare]
1159 2329 1179 2352 ὰ·
1201 2335 1361 2360 (1110110010
1380 2329 1395 2352 b
1451 2327 1583 2362 felicitas]
1604 2326 1742 2354 foelicitas
1763 2336 1786 2358 a,
1802 2326 1926 2362 felicitas
1939 2329 1955 2352 b

202 2356 310 2394 exuere]
331 2364 442 2387 exurere
461 2362 472 2383 t
563 2362 594 2384 22
615 2359 643 2384 iu
662 2360 828 2393 patientiam
849 2361 973 2387 bellaturi
994 2362 1178 2394 Woelff'2l1nus
1208 2363 1236 2388 in
1261 2362 1417 2403 penitentia
1436 2363 1521 2389 laturi
1541 2366 1577 2392 11
1606 2363 1635 2389 in
1658 2362 1844 2396 penitentiam
1863 2361 1948 2388 laturi
1967 2364 2009 2395 bt,

201 2389 230 2415 in
248 2391 451 2423 poenitentiam
469 2393 553 2419 laturi
574 2404 589 2419 n.
653 2398 686 2420 23
707 2396 895 2431 ostendamus]
916 2397 1115 2424 hostendamus
1134 2407 1151 2422 a
1220 2397 1376 2432 Calidonia]
1398 2398 1547 2431 calydonio.
1566 2402 1620 2432 Iit,
1640 2398 1792 2424 Caledonia
1810 2401 1826 2423 b
1899 2400 1934 2424 24
1953 2397 2009 2424 dis-

202 2426 383 2461 sensionibus]
405 2428 621 2455 dissentionibus
642 2433 656 2455 b
740 2434 772 2457 ·25
793 2431 921 2467 gloriam]
942 2433 1062 2466 gioriam
1081 2436 1105 2458 Η
1187 2434 1370 2468 contractum]
1391 2436 1549 2460 contactum
1568 2437 1583 2459 b
1671 2437 1703 2460 26
1728 2433 1815 2468 dictu]
1837 2433 1912 2460 dieto
1931 2435 1957 2459 Η
1974 2442 2010 2462 m.

197 2469 240 2494 pr.
314 2462 532 2499 Brittauucrum]
554 2465 749 2492 Britannorum
769 2469 824 2492 abt
834 2471 845 2493 ²?
937 2472 968 2494 ’.7
994 2468 1169 2495 commodent
1193 2470 1376 2496 Puteolanus:
1402 2471 1596 2496 commendent
1615 2472 1702 2495 naht
1790 2469 1895 2504 hostes]
1915 2477 2008 2502 seruos

202 2496 294 2522 hostes
314 2507 330 2522 a
414 2502 448 2524 ·28
468 2500 589 2536 adiectu]
610 2501 712 2527 affectu
731 2505 755 2527 Η
775 2512 807 2528 m.
820 2512 864 2536 pr.
880 2508 913 2529 at
999 2504 1090 2531 Metus
1110 2512 1142 2530 ae
1160 2505 1258 2539 terror]
1279 2506 1367 2531 terror
1386 2514 1418 2531 ac
1437 2507 1528 2532 metus
1547 2510 1559 2531 t
1645 2506 1710 2531 sunt
1729 2505 1898 2532 Beroaldus:
1923 2505 1966 2531 est
1983 2506 2009 2530 Η

202 2534 257 2557 abt
329 2536 361 2559 30
381 2535 570 2568 exprobraturi
590 2546 606 2561 a
627 2547 658 2562 m
673 2546 721 2564 sec.
737 2540 783 2564 t?:
808 2539 986 2572 exprobaturi
1005 2543 1051 2565 Hs
1070 2549 1104 2566 m.
1117 2548 1160 2573 pr.
1176 2542 1191 2565 b
1265 2543 1297 2566 31
1318 2540 1375 2566 iam
1389 2542 1499 2575 scripsi:
1520 2545 1554 2568 cu
1572 2544 1605 2572 Η,
1624 2541 1677 2568 sed.
1699 2550 1731 2566 m.
1751 2549 1800 2567 sec.
1820 2544 1884 2568 ante
1901 2549 2008 2567 versum

202 2568 331 2638 {ggfig'in
352 2569 453 2630 cii-{um
474 2573 529 2596 abt
602 2573 719 2607 caelum]
741 2573 848 2600 coelum
868 2584 884 2600 a
957 2575 1051 2610 silvas]
1073 2575 1151 2601 siluis
1171 2578 1185 2601 b
1260 2579 1293 2602 32
1312 2575 1402 2612 vobis]
1422 2577 1503 2603 nobis
1523 2580 1599 2603 abt?
1674 2579 1706 2602 33
1726 2577 1826 2612 neque]
1846 2584 1897 2602 nec
1916 2578 1932 2602 b

322 2613 373 2630 nec
