2112 2891
136 502 167 526 [⁸

137 1387 169 1411 15»

187 195 224 225 10
755 187 924 215 sonnatii
944 187 1063 214 TAcm
1083 186 1287 214 Aemcomn
1308 190 1410 214 17—19
1902 190 1988 214 nain

183 286 262 316 quae
291 273 553 306 numerosissima
581 271 762 312 provinciae
792 270 890 301 totius
920 269 1115 310 perhibetur,
1144 269 1320 311 adgressus.
1368 268 1470 300 Multa
1502 268 1633 310 proelia,
1662 271 1693 301 et
1721 269 1892 310 aliquando
1922 279 1987 300 non

183 321 360 351 incruenta:
394 326 605 359 magnamque
639 315 827 357 Brigantum
862 317 985 355 partein
1019 316 1074 345 aut
1108 314 1241 345 victoria
1273 314 1439 354 amplexus
1472 316 1520 345 est
1552 316 1608 345 aut
1640 313 1732 346 bello.
1778 313 1822 345 Et
1855 313 1988 345 Cerialis

183 364 309 405 quidem
340 363 468 394 alterius
498 360 688 392 successoris
718 370 826 390 curam
856 359 1037 399 famamque
1062 358 1233 389 obruisset:
1263 358 1362 389 subiit
1386 358 1600 399 sustinuitque
1624 359 1740 389 molem
1766 357 1865 389 lulius
1889 357 1987 389 Fron-

183 409 277 441 tinus.
303 408 350 438 vir
378 416 521 448 magnus
555 406 708 446 quantum
738 403 864 443 licebat,
894 403 1095 444 validamque
1129 405 1160 434 et
1189 413 1365 444 pugnacem
1396 402 1537 433 Silurum
1566 405 1692 444 gentem
1723 403 1821 434 armis
1852 403 1988 444 subegit,

185 444 279 493 super
302 453 453 482 virtutem
478 450 617 480 hostium
643 448 786 479 locorum
811 458 937 488 qnoque
962 447 1168 479 difficultates
1193 448 1358 478 eluctatus.

273 496 367 527 Hunc
390 494 565 526 Brittaniae
596 495 723 533 statum,
747 492 804 523 has
829 492 985 523 bellorum
1006 492 1088 523 vices
1109 491 1212 523 media
1231 492 1292 523 iam
1314 494 1432 522 aestate
1452 494 1669 534 transgressus
1688 491 1839 534 Agricola
1858 491 1988 523 invenit.

185 541 264 572 Cum
294 544 324 571 et
353 540 469 571 milites
498 538 584 569 velut
612 538 728 568 omissa
757 536 959 578 expeditione
988 537 1026 567 ad
1055 536 1257 568 securitatem
1288 539 1319 567 et
1351 536 1459 567 hostes
1489 536 1528 567 ad
1557 537 1753 568 occasionem
1783 538 1989 576 verterentur,

185 585 377 616 Ordovicum
405 584 515 614 civitas
544 581 629 613 haud
657 582 757 613 multo
787 583 860 612 ante
884 581 1054 612 adventum
1080 582 1147 612 eius
1172 581 1254 612 alam
1285 582 1315 611 in
1341 580 1458 611 finibus
1483 580 1548 612 suis
1573 583 1718 623 agentem
1743 591 1842 622 prope
1865 582 1990 612 univer-

186 642 250 661 sam
276 629 457 668 obtriverat,
481 637 579 667 eoque
605 626 697 657 initio
723 628 826 656 erecta
849 626 1021 667 provincia.
1061 625 1113 667 Et,
1137 625 1253 666 quibus
1278 625 1397 656 bellum
1422 625 1605 656 volentibus
1629 628 1705 663 erat,
1729 625 1864 666 probare
1888 636 1990 656 exem-

188 673 275 715 plum
300 684 335 704 ac
360 672 493 704 recentis
517 671 613 713 legati
639 671 778 702 animum
803 670 952 711 opperiri,
977 681 1048 702 cum
1068 669 1228 711 Agricola,
1253 680 1444 711 quamquam
1470 671 1650 702 transvecta
1675 673 1788 710 aest-as,
1812 671 1914 711 sparsi
1934 680 1990 711 per

188 718 381 759 provinciam
402 717 532 755 numeri,
552 717 757 757 praesumpta
775 715 859 755 apud
880 715 1014 745 militem
1040 714 1126 745 illius
1151 715 1224 746 anni
1249 715 1348 756 quies,
1373 715 1462 745 tarda
1486 717 1517 745 et
1541 715 1699 746 contraria
1723 714 1843 746 bellum
1863 714 1989 746 incoha-

188 766 268 803 turo,
296 765 327 793 et
356 761 513 803 plerisque
543 760 695 791 custodiri
726 761 872 800 suspecta
898 760 1004 800 potius
1029 759 1203 799 videbatur,
1224 759 1268 790 ire
1288 758 1415 790 obviam
1438 759 1614 790 discrimini
1634 760 1756 791 statuit.
1799 758 1991 791 Contractis-

188 818 247 848 que
271 807 431 848 legionum
457 805 581 836 vexillis
606 806 637 835 et
661 804 786 836 modica
811 804 1002 835 auxiliorum
1028 815 1133 844 manu⁷
1158 804 1232 844 quia
1257 804 1288 834 in
1313 815 1449 844 aequum
1475 804 1601 846 degredi
1624 803 1796 836 Ordovices
1816 815 1878 835 non
1899 804 1989 836 aude>

189 852 272 891 bant,
305 852 371 892 ipse
404 852 476 881 ante
504 860 627 891 agmen,
657 860 719 890 quo
749 849 861 880 ceteris
890 859 947 889 par
975 848 1099 879 animus
1128 848 1225 880 simili
1253 848 1394 889 periculo
1424 850 1515 889 esset,
1544 849 1644 880 erexit
1675 849 1782 880 aciem.
1830 848 1991 890 Caesaque

186 906 285 937 prope
310 895 455 925 universa
480 896 573 936 gente
596 904 662 925 non
686 893 823 935 ignarus,
848 893 1031 924 instandum
1057 893 1159 924 fauiae
1183 904 1228 933 ac,
1251 896 1347 934 prout
1371 894 1475 934 prima
1499 893 1677 933 cessissent,
1701 896 1854 924 terrorem
1879 894 1990 925 ceteris

187 941 262 981 fore,
286 939 413 970 Monam
438 938 584 977 insulam,
608 938 698 969 cuius
727 938 928 978 possessione
956 940 1139 968 revocatum
1166 937 1335 969 Paulinum
1364 937 1536 969 rebellione
1564 937 1665 969 totius
1689 937 1866 969 Brittaniae
1896 948 1990 979 supra

187 984 365 1025 memoravi,
395 983 536 1025 redigere
565 983 596 1013 iii
626 985 816 1023 potestatem
846 983 953 1013 animo
988 982 1132 1013 intendit.
1189 982 1250 1013 Sed
1280 985 1315 1013 ut
1343 983 1375 1013 in
1405 982 1519 1013 subitis
1549 982 1690 1014 consiliis
1722 993 1818 1014 naves
1849 982 1990 1014 deerant:

186 1029 265 1059 ratio
291 1031 321 1059 et
346 1028 523 1059 constantia
547 1028 634 1058 ducis
659 1027 842 1058 transvexit.
890 1027 1052 1068 Depositis
1077 1026 1225 1058 omnibus
1255 1027 1385 1058 sarcinis
1415 1027 1605 1058 lectissimos
1634 1027 1846 1068 auxiliarium,
1875 1027 1990 1068 quibus

184 1076 260 1104 not-a
276 1073 353 1104 vada
368 1075 399 1103 et
414 1072 534 1113 patrius
549 1071 645 1103 nandi
661 1083 746 1111 usus,
761 1082 824 1112 quo
840 1071 934 1103 simul
956 1082 1051 1112 seque
1067 1074 1098 1102 et
1113 1082 1202 1103 arma
1216 1074 1248 1102 et
1262 1082 1361 1113 equos
1381 1074 1506 1114 regunt,
1522 1071 1566 1102 ita
1586 1074 1716 1113 repente
1736 1072 1868 1113 inmisit,
1882 1074 1918 1103 ut
1937 1072 1990 1103 ob-

186 1117 355 1159 stupefacti
370 1117 487 1157 hostes,
502 1117 556 1157 qui
573 1117 713 1157 classem,
729 1116 782 1157 qui
802 1116 890 1147 navis
907 1116 961 1157 qui
978 1127 1064 1147 mare
1079 1116 1298 1157 expectabant,
1314 1116 1393 1147 nihil
1409 1116 1541 1147 arduum
1558 1118 1613 1147 aut
1628 1116 1781 1148 invictum
1801 1116 1992 1148 crediderint

187 1162 229 1193 sic
259 1162 296 1192 ad
327 1162 442 1193 bellum
472 1161 680 1192 venientibus.
727 1160 776 1192 Ita
804 1161 903 1202 petita
931 1172 1008 1202 pace
1033 1171 1068 1192 ac
1093 1161 1199 1192 dedita
1224 1161 1328 1192 insula
1351 1161 1455 1192 clarus
1480 1172 1514 1192 ac
1539 1171 1672 1203 magnus
1696 1161 1806 1192 haberi
1830 1161 1992 1203 Agricola,

2005 682 2029 701 10

2006 905 2030 924 15

2005 1129 2031 1149 80

186 1207 303 1247 quippe
332 1206 382 1237 cui
411 1206 600 1247 ingredienti
630 1205 834 1246 provinciam.
867 1205 952 1245 quod
981 1208 1107 1246 tempus
1136 1205 1189 1236 alii
1217 1217 1273 1247 per
1302 1206 1548 1236 ostentationem
1574 1208 1604 1236 ct
1629 1206 1809 1237 officiorum
1833 1205 1990 1237 ambitum
2014 1226 2017 1230 ·

187 1251 375 1291 transigunt,
405 1250 495 1281 labor
523 1253 554 1281 et
582 1250 756 1290 periculum
788 1250 967 1291 placuisset.
1014 1250 1081 1281 Nec
1110 1250 1263 1292 Agricola
1290 1251 1502 1291 prosperitate
1531 1261 1636 1281 rerum
1662 1250 1694 1281 in
1718 1250 1891 1281 vanitatem
1915 1261 1990 1282 usus

186 1295 418 1336 expeditionem
445 1297 499 1326 aut
523 1295 689 1325 victoriam
714 1295 847 1326 vocabat
872 1295 971 1326 victos
997 1295 1204 1326 continuisse:
1229 1306 1268 1326 ne
1292 1295 1441 1326 laureatis
1467 1295 1594 1336 quidem
1619 1297 1708 1337 gesta
1726 1297 1915 1337 prosecutus
1935 1297 1990 1326 est.

187 1339 247 1370 Sed
272 1339 337 1380 ipsa
362 1339 614 1370 dissimulatione
635 1340 735 1370 famae
755 1339 872 1370 famam
896 1340 985 1370 auxit
1005 1339 1256 1380 aestimantibus,
1277 1341 1396 1380 quanta
1415 1339 1515 1371 futuri
1536 1350 1590 1380 spe
1610 1342 1674 1371 tam
1696 1351 1812 1382 magna
1831 1340 1990 1371 tacuisset.

299 1385 443 1414 Ceterum
478 1384 655 1414 animorum
688 1384 870 1425 provinciae
903 1384 1041 1425 prudens
1076 1384 1234 1425 simulque
1267 1384 1379 1416 doctus
1412 1395 1468 1426 per
1501 1384 1604 1415 aliena
1632 1385 1848 1425 experimenta
1878 1395 1990 1426 parum

185 1428 295 1468 profici
316 1429 421 1468 arinis,
440 1429 466 1459 si
486 1428 620 1459 iniuriae
640 1431 856 1469 sequerentur,
876 1439 985 1460 causas
1006 1429 1161 1460 bellorum
1182 1429 1295 1460 statuit
1314 1429 1466 1460 excidere.
1491 1428 1519 1459 A
1540 1439 1572 1459 se
1592 1429 1721 1470 suisque
1741 1440 1833 1460 orsus
1852 1429 1991 1470 primum

187 1472 315 1503 domum
340 1484 427 1503 suam
453 1473 601 1513 coercuit,
631 1473 715 1514 quod
740 1473 898 1514 plerisque
923 1473 1007 1504 haud
1032 1474 1138 1504 minus
1161 1473 1294 1505 arduum
1320 1476 1368 1504 est
1392 1484 1487 1514 quam
1511 1474 1708 1515 provinciam
1736 1484 1854 1516 regere.
1900 1473 1992 1504 Nihil

186 1528 241 1557 per
268 1517 398 1548 libertos
428 1528 600 1557 servosque
630 1517 775 1558 publicae
808 1518 863 1559 rei,
891 1529 955 1549 non
988 1518 1102 1549 studiis
1136 1518 1270 1559 privatis
1298 1529 1356 1549 nec
1385 1529 1423 1549 ex
1456 1518 1731 1550 commendatione
1759 1521 1814 1549 aut
1845 1518 1991 1560 precibus

186 1562 400 1592 centurionem
426 1562 582 1592 militesve
606 1562 714 1602 ascire,
739 1562 791 1593 sed
817 1563 971 1603 optimum
998 1574 1155 1604 quemque
1180 1563 1370 1594 fidissimum
1394 1565 1521 1604 putare3
1546 1563 1652 1594 onim'a
1680 1563 1769 1602 scire,
1797 1574 1861 1595 non
1886 1562 1993 1594 omnia

186 1606 312 1647 exequi3
341 1606 445 1647 parvis
476 1607 611 1646 peccatis
641 1607 774 1641 veniam,
804 1607 927 1649 magnis
956 1608 1156 1638 severitatem
1183 1607 1395 1648 commodare3
1419 1618 1476 1638 nec
1500 1618 1602 1649 poena
1626 1618 1759 1648 semper,
1788 1607 1841 1639 sed
1866 1607 1991 1648 saepius

186 1650 378 1690 paenitentia
402 1653 566 1682 contentus
592 1662 672 1691 esse3
697 1652 812 1682 officiis
837 1655 868 1683 et
893 1652 1224 1683 administrationibus
1249 1652 1356 1693 potius
1380 1663 1445 1683 non
1469 1654 1654 1693 peccaturos
1674 1663 1877 1694 praeponere,
1897 1663 1989 1693 quam

185 1694 341 1735 damnare,
365 1706 436 1726 eum
460 1698 631 1736 pecassent.
682 1696 845 1728 Frumenti
875 1699 905 1727 et
934 1696 1128 1728 tributorum
1154 1697 1351 1728 exactionem
1378 1696 1570 1738 aequalitate
1594 1708 1761 1728 munerum
1786 1696 1911 1728 mollire
1935 1696 1992 1728 cir-

185 1739 340 1779 cumcisis,
365 1750 444 1780 quae
468 1740 500 1770 in
530 1742 695 1780 quaestum
728 1743 853 1782 reperta
883 1742 952 1782 ipso
981 1741 1102 1772 tributo
1132 1742 1260 1783 gravius
1290 1741 1515 1773 tolerabantur.
1562 1741 1709 1782 Namque
1738 1752 1794 1782 per
1817 1741 1991 1773 ludibrium

274 1873 285 1895 1
303 1871 469 1905 provinciae]
482 1872 639 1904 prouintiae
654 1875 699 1897 Ha
754 1873 912 1907 adgressus]
925 1882 1072 1907 aggressus
1087 1883 1111 1905 a,
1127 1882 1254 1907 agressus
1265 1876 1279 1898 b
1336 1873 1452 1909 proelia]
1465 1873 1554 1908 prelia
1569 1883 1593 1906 a,
1610 1874 1697 1908 prelia
1711 1876 1726 1899 b
1783 1877 1798 1899 2
1814 1873 1989 1908 Brigantum]

185 1905 349 1939 bregantum
368 1909 414 1931 Ha
431 1916 461 1932 m.
477 1916 524 1933 sec.
541 1912 565 1938 t,
586 1907 765 1941 Bregantium
785 1918 801 1934 a
822 1918 853 1934 m.
866 1918 908 1942 pr.
925 1911 940 1934 b
1014 1908 1140 1943 Cerialis]
1162 1909 1275 1935 cei-calis
1295 1911 1371 1941 ΗΜ,
1392 1909 1525 1935 caerealis
1545 1919 1561 1934 a
1639 1912 1654 1935 3
1674 1909 1771 1944 subiit]
1792 1917 1842 1936 om.
1857 1911 1882 1934 Η
1900 1918 1934 1936 m.
1947 1917 1990 1942 pr.

185 1943 221 1965 ab
281 1942 476 1977 sustinuitque]
494 1942 705 1976 Substinuitque
721 1946 735 1968 b
800 1948 815 1969 4
831 1946 941 1978 gentem
957 1944 1051 1978 armis]
1068 1945 1151 1970 armis
1171 1947 1282 1978 gentem
1298 1947 1334 1976 Η,
1353 1945 1399 1971 sed
1409 1949 1505 1978 postea
1519 1954 1585 1972 corr.
1601 1947 1712 1979 gentem
1727 1945 1810 1971 armis
1826 1946 1937 1979 gentem

185 1979 199 1999 5
220 1976 341 2002 locorum
360 1979 479 2012 quoque]
500 1978 615 2011 locoZlq3
635 1981 650 2004 b
724 1983 738 2005 6
761 1980 924 2015 Brittaniae]
950 1979 1089 2006 britaniae
1108 1983 1133 2005 H
1153 1989 1184 2006 m.
1200 1989 1257 2012 sec„
1279 1980 1449 2007 brittanniae
1461 1984 1507 2012 ιζ),
1527 1981 1688 2007 Britanniae
1708 1989 1736 2013 a,
1757 1981 1902 2007 Britannia
1921 1983 1936 2006 b

332 2019 357 2031 OS

185 2039 300 2073 aestate]
322 2040 396 2065 atate
416 2042 451 2071 Η,
472 2049 537 2067 corr.
555 2050 587 2066 ιιι.
601 2047 668 2067 sec-J.)
762 2045 774 2066 ῖ
796 2043 978 2077 occasionem]
1003 2043 1195 2069 occansionem
1215 2046 1256 2068 nt
1347 2044 1526 2077 verterentur]
1553 2044 1696 2069 uterentur
1715 2046 1778 2068 Eat
1868 2045 1883 2069 8
1903 2042 1989 2078 haud]

186 2074 253 2099 haut
267 2076 302 2105 Η,
322 2075 367 2100 sed
387 2076 471 2102 nmio
491 2085 526 2101 an
548 2076 565 2101 li
585 2080 647 2103 ante
668 2085 767 2103 versam
785 2078 847 2103 add.
866 2087 896 2103 m.
912 2087 960 2104 sec.
975 2080 1018 2105 sit.
1089 2082 1104 2104 9
1123 2078 1276 2113 provincia]
1298 2078 1440 2112 prouintia
1455 2081 1501 2104 Ha.
1572 2082 1600 2103 11
1622 2078 1804 2113 provinciam]
1819 2078 1990 2113 prouintiam

185 2111 208 2133 Η
276 2110 360 2144 apud]
381 2112 448 2143 aput
466 2113 490 2136 H
505 2120 587 2144 mpr.
662 2112 834 2147 incohaturo]
856 2113 999 2140 iucoaturo
1018 2117 1042 2139 Η
1063 2124 1093 2140 m.
1107 2123 1150 2148 pr.
1171 2124 1187 2139 a
1206 2123 1238 2140 m.
1250 2123 1304 2147 pr„
1326 2114 1489 2140 inchoaturo
1509 2119 1542 2140 t?
1612 2117 1644 2139 13
1664 2113 1693 2140 in
1712 2114 1842 2149 aequum]
1863 2113 1990 2140 inaecum

185 2147 225 2169 111:
288 2145 411 2179 degredi]
433 2146 540 2178 digredi
559 2150 596 2172 ab
652 2147 812 2181 Ordovices]
834 2149 972 2175 ordouicis
992 2152 1016 2174 Η
1037 2160 1067 2176 m.
1083 2159 1123 2183 pr.
1200 2153 1231 2175 14
1251 2149 1360 2183 ceteris]
1382 2150 1498 2176 coeteris
1518 2160 1547 2182 a,
1567 2149 1665 2184 ceteris
1686 2152 1701 2175 b
1757 2149 1876 2184 animus]
1897 2149 1989 2176 animo

185 2182 208 2204 Η
229 2189 318 2220 ημρν..
397 2182 491 2215 erexit]
514 2183 540 2208 ίη
561 2192 614 2209 ras,
631 2186 655 2208 Η
739 2187 769 2209 16
790 2184 910 2219 Monam]
937 2185 1053 2210 Nomaiii
1074 2188 1088 2210 b
1171 2185 1260 2219 cuius]
1287 2185 1393 2210 cumius
1413 2188 1437 2210 H
1458 2195 1489 2211 m.
1502 2194 1545 2219 pr.
1630 2185 1794 2220 Brittanjae]
1820 2185 1990 2211 brittanniae

185 2217 260 2247 Ht?,
281 2216 433 2242 britanniae
453 2220 489 2242 ab
563 2221 595 2244 1?
616 2218 726 2252 subitis]
747 2220 866 2245 subbitis
887 2226 909 2249 t,
931 2221 1023 2246 dubiis
1043 2224 1079 2245 ab
1156 2223 1187 2246 18
1207 2221 1368 2255 transvexit]
1389 2222 1520 2252 transuei
1539 2224 1575 2253 Η,
1602 2230 1634 2247 m.
1649 2230 1697 2248 sec.
1715 2230 1726 2247 s
1746 2222 1804 2253 del„
1825 2223 1941 2247 trames
1960 2230 1990 2253 a,

185 2252 293 2277 tranare
312 2252 388 2277 extra
408 2255 422 2277 b
499 2256 527 2278 19
548 2254 665 2289 patrius]
687 2255 763 2288 prius
783 2257 798 2280 b
873 2259 902 2281 21
925 2257 1024 2290 petita]
1051 2257 1141 2290 potita
1160 2259 1175 2282 b
1250 2259 1282 2282 ‘2³3
1304 2256 1486 2291 provinciam]
1512 2257 1683 2290 prouintiam
1702 2259 1727 2282 Ε
1800 2259 1832 2282 23
1852 2256 1990 2290 prosperi-

186 2286 254 2320 tate]
275 2287 408 2319 speritate
427 2290 451 2312 H
471 2297 502 2313 ιη,
517 2297 558 2321 pr.
632 2293 663 2315 24
684 2291 863 2325 continuisse]
885 2291 1022 2318 continuit
1042 2293 1065 2317 si
1085 2295 1109 2317 Η
1129 2301 1160 2318 m.
1173 2300 1216 2326 [ιν.
1291 2292 1334 2326 ne]
1356 2300 1405 2317 nec
1425 2295 1439 2317 b
1515 2296 1547 2318 25
1568 2292 1791 2327 aestimantibus]
1814 2292 1989 2318 aextimanti-

185 2321 241 2361 bus⁴
254 2326 266 2347 t
338 2325 370 2348 26
391 2322 525 2362 Ceterum]
552 2324 695 2351 Coeterum
715 2335 731 2351 a
803 2327 971 2361 provinciae]
998 2327 1155 2361 prouintiae
1175 2330 1198 2352 11
1271 2327 1372 2361 aliena]
1395 2328 1487 2353 aliena
1511 2328 1638 2360 esempla
1658 2337 1674 2353 a.
1747 2331 1779 2353 27
1800 2327 1928 2362 iniuriae]
1949 2328 1990 2354 in-

185 2364 259 2397 01111σῖ
279 2360 293 2382 b
375 2367 494 2391 primum
513 2361 540 2384 b:
561 2361 678 2393 primam
698 2364 760 2387 ΗΜ
843 2365 875 2387 28
896 2364 1027 2397 coercuit]
1050 2362 1191 2389 cohercuit
1210 2365 1296 2388 Habt
1378 2363 1463 2397 haud]
1485 2364 1553 2389 haut
1572 2363 1599 2389 Η
1677 2363 1857 2398 provinciam]
1878 2362 1990 2397 prouin-

186 2394 254 2418 tiam
273 2395 318 2418 Ha
400 2397 431 2419 29
451 2394 576 2429 libertos]
601 2395 701 2422 liberos
721 2407 737 2422 s.
810 2398 936 2433 privatis]
957 2398 1095 2431 priuatius
1115 2401 1139 2431 b,
1154 2399 1279 2432 priuatvs
1294 2407 1310 2423 a
1325 2407 1357 2424 m.
1374 2407 1431 2431 seen,
1452 2400 1479 2425 in
1498 2401 1618 2434 margine
1633 2399 1697 2425 add.
1712 2401 1755 2424 nt
1774 2399 1900 2433 priuatus

186 2446 433 2487 commendatione]
450 2448 658 2488 comendatione
674 2455 684 2474 t
739 2450 878 2485 precibus]
894 2451 1040 2484 praecibus
1057 2455 1101 2477 Hb
1158 2454 1190 2477 30
1206 2451 1340 2477 militesve
1356 2452 1444 2477 ascire
1459 2453 1581 2479 Weaeius:
1596 2435 1788 2478 milite3⁰seire
1807 2455 1844 2484 Η,
1864 2451 1906 2478 Ne
1925 2452 1988 2478 add.

188 2490 218 2506 m.
235 2485 327 2522 1121&qu
341 2482 443 2508 milites
458 2491 562 2509 nescire
578 2487 632 2510 abt
705 2488 736 2511 31
758 2486 942 2521 commodare]
965 2487 1111 2514 comodare
1131 2492 1142 2512 t
1214 2490 1246 2512 32
1262 2487 1444 2522 paenitentia]
1466 2487 1636 2521 poenitentia
1656 2490 1692 2513 ab
1766 2490 1798 2513 33
1819 2487 1987 2514 exactionem

187 2516 354 2557 aequahtate
374 2519 552 2557 Bateolanus:
578 2520 768 2547 auctionemae
792 2521 929 2553 qualitate
953 2525 977 2547 Η
1001 2532 1034 2549 m.
1049 2532 1103 2557 pin,
1128 2522 1255 2548 auctione
1279 2523 1450 2555 aequalitate
1474 2526 1498 2548 Η
1522 2532 1555 2549 m.
1574 2532 1629 2554 sec„
1655 2523 1812 2549 auctionem
1837 2523 1988 2556 equalitate

187 2556 209 2582 t,
234 2554 359 2593 auctione
384 2553 583 2587 inaequalitate
607 2565 634 2585 a,
656 2560 796 2589 praeterea
821 2558 850 2583 in
873 2560 936 2582 ΗΜ
960 2558 1022 2584 add.
1045 2560 1071 2584 in
1096 2559 1218 2592 marqz'ne
1242 2558 1422 2589 exactionem,
1446 2558 1617 2584 exactionem
1637 2558 1821 2593 inequalitate
1841 2561 1869 2590 b,
1889 2559 1936 2592 qui
1959 2559 1986 2584 ἰη

189 2595 307 2620 mai-ymo.
325 2589 402 2615 habet
422 2589 576 2615 auctionem
650 2593 682 2616 34
702 2593 858 2626 quaestum]
880 2595 1008 2626 questum
1028 2596 1094 2619 Bab
1169 2593 1369 2628 tolerabantur]
1391 2594 1592 2620 tollerabantur
1607 2599 1617 2619 t

2006 1352 2031 1371 85

2007 1574 2032 1594 ³0
