2112 2891
110 201 134 223 Η
140 207 156 223 s.
162 201 177 223 b
184 203 195 223 t
681 195 850 222 CORNELII
868 195 987 222 TACITI
1006 194 1212 221 AGRICOLAE
1232 198 1299 220 15——
1304 197 1316 220 1
1322 197 1335 218 7
1893 193 1911 223 9

111 280 144 311 in
167 279 363 321 sanguinem,
386 281 574 319 procurator
598 278 631 309 in
655 278 737 309 bona
762 278 904 309 saeviret.
946 276 1059 317 Aeque
1083 275 1274 307 discordiam
1299 275 1564 316 praepositorum,
1588 285 1687 314 aeque
1713 274 1913 305 concordiam

111 323 261 355 subiectis
295 323 470 354 exitiosam.
517 322 660 354 Alterius
695 333 805 353 manus
838 321 1048 362 centuriones,
1081 320 1211 351 alterius
1245 330 1352 351 servos
1381 319 1446 350 vim
1475 322 1507 350 et
1536 318 1744 350 contumelias
1774 318 1913 350 miscere.

110 367 201 399 Nihil
229 368 291 398 iam
320 367 488 409 cupiditati
516 367 597 398 nihil
625 366 750 398 libidini
779 368 955 407 exceptum.
1002 364 1039 396 In
1067 365 1188 406 proelio
1217 365 1383 396 fortiorem
1412 374 1489 402 esse,
1518 363 1573 404 qui
1602 362 1731 404 spoliet:
1760 374 1844 394 nunc
1873 363 1912 394 ab

110 411 233 455 ignavis
262 412 448 453 plerumque
479 413 510 442 et
539 411 711 443 inbellibus
741 411 819 452 eripi
848 411 969 451 domos,
998 409 1141 441 abstrahi
1168 409 1297 447 liberos,
1326 409 1450 450 iniungi
1475 408 1619 448 dilectus,
1643 410 1806 448 tamquam
1831 408 1913 439 mori

83 471 95 490 5
110 459 234 488 tantum
254 468 311 497 pro
331 457 434 497 patria
452 456 676 487 nescientibus.
719 455 914 493 Quantulum
940 455 1023 486 enim
1049 454 1199 486 transisse
1223 453 1370 493 militum,
1395 454 1420 484 si
1445 464 1512 484 sese
1536 452 1696 484 Brittanni
1720 453 1914 483 numerent?

111 501 163 533 Sic
183 500 369 532 Germanias
393 500 567 531 excussisse
591 501 715 543 iugum:
739 503 771 531 et
791 500 930 539 flumine,
949 510 1014 530 non
1034 498 1159 530 Oceano
1185 498 1318 529 defendi.
1363 497 1431 529 Sibi
1453 497 1600 539 patriam,
1624 496 1785 538 coniuges,
1804 507 1914 538 paren-

110 548 166 586 tes,
190 545 254 576 illis
279 545 444 577 avaritiam
469 547 500 576 et
523 544 683 576 luxuriam
708 556 819 576 causas
844 544 916 575 belli
943 555 1018 575 esse.
1066 543 1266 583 Recessuros,
1295 544 1331 573 ut
1354 542 1456 573 Divus
1480 541 1581 573 Iulius
1604 541 1795 581 recessisset,
1818 541 1913 572 modo

110 590 260 621 virtutem
283 590 440 621 maiorum
465 600 594 620 suorum
619 589 855 620 aemularentur
878 600 956 620 neve
980 588 1093 629 proelii
1117 588 1211 618 unius
1236 589 1291 618 aut
1315 587 1445 618 alterius
1465 588 1580 617 eventu
1599 588 1817 627 pavescerent:
1842 585 1914 626 plus

110 635 248 676 impetus
268 634 422 673 felicibus,
442 634 594 665 maiorem
616 634 827 665 constantiam
853 644 949 675 penes
974 633 1108 664 miseros
1132 642 1208 663 esse.
1246 631 1313 663 Iam
1337 631 1579 662 Brittannorum
1605 630 1699 661 etiam
1726 630 1800 661 deos
1824 631 1915 660 mise-

71 693 95 712 ιο
110 679 182 720 reri,
210 679 264 721 qui
295 678 471 710 Romanum
502 678 613 709 ducem
642 678 814 720 absentem,
843 678 897 719 qui
927 677 1102 719 relegatum
1131 677 1165 707 in
1193 677 1254 707 alia
1282 675 1386 708 insula
1410 675 1584 706 exercitum
1614 675 1799 706 detinerent.
1846 672 1913 705 Iam

109 724 196 766 ipsos
220 724 306 765 quod
330 723 554 755 difficillimum
580 723 686 763 fuerit,
714 723 898 754 deliberare:
930 733 1026 763 porro
1051 722 1083 752 in
1108 722 1175 752 eius
1199 721 1286 752 modi
1311 720 1452 752 consiliis
1476 719 1686 761 periculosius
1715 730 1783 750 esse
1808 719 1915 760 depre-

109 768 204 800 hendi
228 779 323 809 quam
347 767 470 799 audere.

219 812 279 844 His
302 814 397 854 atque
421 812 539 844 talibus
564 812 700 844 invicem
721 812 863 843 instincti
883 811 1051 852 Boudicca,
1071 810 1196 853 generis
1215 810 1295 852 regii
1314 810 1440 847 femina,
1461 809 1538 840 duce
1559 808 1677 851 (neque
1697 809 1781 840 enim
1802 819 1912 839 sexum
1932 810 1967 837 16

110 858 143 889 111
176 857 317 899 imperiis
351 855 547 898 discernunt)
576 867 738 897 sumpsere
771 856 910 887 universi
943 856 1071 887 bellum.
1118 854 1166 886 Ac
1194 865 1320 896 sparsos
1348 865 1406 895 per
1435 855 1566 885 castella
1593 853 1711 884 milites
1741 852 1915 884 consectati

70 917 94 936 15
110 901 299 944 expugnatis
323 901 489 943 praesidiis
513 901 614 942 ipsam
640 901 797 932 coloniam
818 901 960 932 invasere
979 902 1015 931 ut
1035 900 1141 931 sedem
1161 899 1338 930 servitutis:
1362 909 1420 930 nec
1439 900 1540 929 ullum
1561 898 1593 929 in
1613 897 1757 929 barbaris
1778 897 1915 939 ingeniis

109 947 258 978 saevitiae
292 957 393 988 genus
427 946 534 977 omisit
567 946 612 976 ira
646 947 677 976 et
710 945 850 976 victoria.
899 945 991 982 Quod
1018 944 1079 976 nisi
1108 944 1262 975 Paulinus
1291 943 1420 985 cognito
1450 943 1632 984 provinciae
1662 945 1751 973 motu
1780 952 1915 983 propere

109 991 318 1031 subvenisset,
341 991 458 1021 amissa
481 990 640 1021 Brittania
665 990 754 1021 foret.
794 989 895 1027 Quam
920 990 1014 1020 unius
1038 989 1152 1030 proelii
1177 989 1306 1020 fortuna
1330 987 1429 1019 veteri
1453 987 1627 1029 patientiae
1648 986 1789 1018 restituit
1808 989 1915 1017 tenen-

109 1036 196 1068 tibus
220 1047 308 1066 arma
330 1035 501 1077 plerisque,
525 1046 605 1076 quos
629 1034 823 1066 conscientia
847 1034 1034 1065 defectionis
1054 1036 1086 1064 et
1104 1034 1255 1075 proprius
1275 1043 1312 1064 ex
1333 1033 1439 1075 legato
1460 1032 1558 1063 timor
1577 1031 1729 1074 agitabat,
1748 1042 1787 1062 ne
1807 1042 1915 1072 quam-

109 1092 204 1123 quam
229 1080 375 1122 egregius
400 1082 504 1111 cetera.
527 1079 718 1121 adroganter
742 1079 774 1110 in
799 1079 922 1110 deditos
947 1081 978 1109 et
1002 1081 1037 1109 ut
1062 1089 1136 1109 suae
1161 1078 1313 1118 cuiusque
1338 1077 1472 1108 iniuriae
1492 1077 1578 1108 ultor
1596 1076 1706 1108 durius
1727 1076 1915 1107 consuleret.

69 1139 95 1158 ’.ιο
109 1125 227 1157 Missus
251 1125 351 1167 igitur
374 1124 544 1155 Petronius
569 1123 773 1165 Turpilianus
796 1126 961 1164 tamquam
986 1123 1180 1154 exorabilior
1204 1125 1235 1154 et
1259 1122 1383 1153 delictis
1406 1121 1549 1153 hostium
1569 1132 1670 1152 novus
1690 1131 1791 1161 eoque
1810 1120 1917 1161 paeni-

109 1169 227 1201 tentiae
260 1169 377 1209 mitior,
410 1169 597 1210 compositis
628 1168 790 1210 prioribus
822 1168 904 1199 nihil
938 1168 1021 1199 ultra
1055 1178 1149 1198 ausus
1179 1166 1338 1198 Trebellio
1368 1165 1510 1197 Maximo
1543 1165 1741 1207 provinciam
1774 1165 1915 1196 tradidit.

108 1213 285 1246 Trebellius
309 1213 438 1256 segnior
460 1215 492 1244 et
515 1212 613 1244 nullis
637 1215 814 1244 castrorum
840 1212 1066 1253 experimentis
1091 1212 1241 1244 comitate
1266 1211 1402 1252 quadam
1427 1210 1558 1242 curandi
1582 1210 1778 1252 provinciam
1803 1210 1916 1240 tenuit.

108 1259 254 1291 Didicere
287 1258 350 1290 iam
382 1258 510 1289 barbari
542 1269 668 1299 quoque
701 1258 866 1299 ignoscere
900 1258 987 1288 vitiis
1016 1256 1265 1296 blandientibus,
1293 1258 1324 1287 et
1352 1256 1549 1286 interventus
1578 1255 1720 1286 civilium
1755 1265 1915 1285 armorum

108 1304 254 1345 praebuit
278 1303 393 1334 iustam
419 1302 574 1345 segnitiae
603 1302 848 1334 excusationem.
897 1301 957 1333 Sed
987 1301 1145 1333 discordia
1173 1301 1363 1341 laboratum,
1387 1311 1458 1332 cum
1483 1300 1633 1331 adsuetus
1658 1298 1916 1340 expeditionibus

69 1361 93 1380 25
108 1349 200 1380 miles
229 1348 295 1379 otio
323 1347 497 1379 lasciviret:
526 1348 580 1378 sed
608 1346 786 1378 Trebellius
814 1347 891 1389 fuga
919 1358 953 1378 ac
983 1346 1112 1377 latebris
1142 1346 1242 1377 vitata
1271 1345 1428 1376 exercitus
1457 1345 1503 1376 ira
1536 1344 1703 1376 indecorus
1737 1346 1832 1385 atque
1860 1343 1916 1374 hu-

109 1393 192 1425 milis
216 1393 359 1434 precario
384 1404 458 1424 mox
477 1391 625 1433 praefuit,
644 1403 679 1422 ac
699 1392 786 1422 velut
805 1394 898 1433 pacta
917 1392 1074 1422 exercitus
1093 1390 1232 1425 licentia,
1252 1389 1341 1421 ducis
1361 1389 1463 1420 salute
1483 1400 1519 1420 ea
1538 1389 1652 1421 seditio
1673 1389 1741 1420 sine
1761 1388 1916 1430 sanguine

109 1438 207 1469 stetit.
252 1436 321 1469 Nec
345 1436 472 1468 Vettius
500 1436 641 1468 Bolanus
674 1436 878 1467 manentibus
907 1436 1010 1467 adhuc
1042 1435 1188 1466 civilibus
1217 1434 1310 1466 bellis
1345 1435 1480 1476 agitavit
1508 1433 1701 1465 Brittaniam
1735 1432 1916 1474 disciplina:

108 1482 217 1514 eadem
250 1482 364 1513 inertia
396 1492 471 1524 erga
499 1481 616 1521 hostes,
645 1481 759 1512 similis
787 1481 964 1522 petulantia
993 1482 1178 1519 castrorum,
1208 1479 1268 1510 nisi
1299 1478 1384 1519 quod
1413 1479 1564 1509 innocens
1589 1477 1730 1509 Bolanus
1759 1479 1791 1508 et
1819 1477 1916 1508 nullis

109 1527 233 1559 delictis
258 1527 380 1558 invisus
404 1526 570 1557 caritatem
594 1528 762 1566 paraverat
785 1525 855 1556 loco
880 1525 1089 1556 auctoritatis,

69 1585 95 1604 so
221 1571 282 1603 Sed
315 1571 369 1602 ubi
404 1582 475 1602 cum
509 1572 611 1601 cetero
647 1570 723 1602 orbe
751 1569 966 1611 Vespasianus
1000 1572 1032 1600 et
1059 1569 1251 1600 Brittaniam
1281 1567 1490 1609 recuperavit,
1518 1567 1626 1609 magni
1661 1566 1765 1606 duces,
1793 1566 1915 1609 egregii
1933 1570 1967 1596 17

109 1617 273 1657 exercitus,
298 1616 439 1647 minutae
458 1615 598 1646 hostium
618 1626 697 1655 spes.
735 1614 779 1645 Et
798 1617 950 1646 terrorem
970 1615 1078 1646 statim
1100 1613 1209 1645 intulit
1228 1613 1363 1644 Petilius
1384 1612 1515 1644 Cerialis
1535 1612 1725 1654 Brigantum
1745 1612 1917 1651 civitatem,

407 1683 419 1696 Θ

109 1706 130 1730 ἃ
145 1704 247 1738 quibus
262 1706 286 1729 H
301 1712 333 1729 m.
340 1712 385 1737 pr.
397 1703 419 1737 §l
435 1703 535 1736 quibus
550 1705 574 1728 11
589 1712 621 1728 m.
633 1711 690 1734 sec„
707 1711 721 1728 0
736 1702 837 1736 quibus
852 1705 907 1728 abt
981 1705 994 1728 1
1010 1702 1184 1736 procurator]
1200 1702 1364 1734 procuratur
1378 1703 1402 1725 11
1418 1709 1450 1726 m.
1457 1709 1501 1734 pr.
1563 1703 1577 1725 '2
1593 1699 1751 1734 exitiosam]
1767 1699 1917 1725 exiciosam

109 1743 133 1765 Η
154 1749 184 1766 m.
199 1748 240 1773 pr.
308 1739 417 1773 manus]
437 1747 549 1764 manum
569 1741 632 1769 abt,
652 1739 699 1771 qui
717 1740 879 1772 scripturam
901 1739 1001 1764 codicis
1015 1740 1039 1763 Η
1054 1738 1126 1763 man'
1142 1738 1213 1769 salso
1234 1737 1405 1770 interpretati
1422 1739 1487 1762 sunt
1560 1735 1733 1761 centuriones
1754 1736 1916 1761 Rhenanus:

113 1775 282 1802 centurion-is
301 1777 386 1800 Habt
446 1773 640 1808 contumelias]
665 1774 829 1800 cotumelias
848 1776 873 1799 Η
932 1773 1057 1807 miscere]
1077 1776 1101 1798 Η
1122 1782 1153 1799 m.
1169 1781 1216 1799 see.
1233 1772 1295 1798 add.
1311 1772 1341 1798 rin
1357 1773 1478 1806 margine
1502 1771 1573 1797 ciere
1638 1773 1653 1797 3
1673 1771 1791 1805 proelio]
1810 1770 1916 1804 praelio

109 1813 163 1844 nb,
183 1810 270 1844 prelio
291 1820 306 1835 s.
379 1809 533 1844 fortiorem]
552 1809 697 1835 forciorem
717 1812 741 1835 Η
760 1819 793 1836 m.
811 1819 853 1843 pr.
928 1813 943 1834 4
964 1808 1126 1843 inbellibus]
1146 1807 1305 1834 imbellibus
1325 1812 1348 1838 t,
1373 1806 1559 1839 imbecillibus
1579 1816 1603 1838 a,
1627 1806 1768 1832 imbellius
1788 1809 1803 1831 b
1877 1806 1917 1831 di-

108 1847 208 1881 lectus]
225 1845 347 1872 delectus
362 1848 386 1871 11
402 1855 434 1871 m.
445 1854 493 1872 sec,
509 1848 564 1871 abt
619 1848 634 1871 5
651 1845 685 1880 si]
701 1845 723 1870 si
739 1846 761 1871 ἃ*
776 1848 800 1870 Η
816 1854 848 1871 m.
858 1854 899 1878 pi:
951 1844 1101 1879 Brittanni]
1118 1844 1239 1869 britanni
1254 1845 1340 1868 naht
1395 1845 1409 1868 6
1425 1843 1588 1877 excussisse]
1604 1845 1629 1867 Η
1644 1844 1673 1868 in
1688 1851 1741 1868 ras.
1793 1841 1918 1876 flumine]

109 1883 212 1909 litterae
231 1882 305 1908 mine
325 1883 352 1907 in
373 1884 397 1907 11
417 1882 447 1907 ιή
465 1890 519 1908 ras.
581 1880 723 1916 coniuges]
744 1881 870 1914 coniugis
889 1883 913 1906 Η
932 1890 965 1906 m.
978 1889 1021 1914 pri
1089 1883 1102 1905 7
1123 1878 1282 1913 avaritiam]
1298 1879 1451 1905 auariciam
1471 1888 1488 1904 a
1552 1882 1566 1903 9
1586 1877 1728 1913 felicibus]
1743 1886 1792 1904 οηι.
1809 1880 1846 1903 ab

108 1936 205 1970 penes]
224 1943 326 1969 paenes
346 1937 388 1960 nt
460 1934 680 1969 Brittannorum]
699 1933 891 1960 britannorum
911 1937 996 1960 Habt
1070 1937 1099 1959 11
1122 1933 1208 1968 quod]
1224 1914 1296 1966 quoi}³
1307 1942 1323 1958 a
1398 1935 1429 1958 13
1449 1932 1590 1958 Boudicca
1606 1932 1744 1958 Haasius:
1765 1940 1800 1958 uo
1821 1931 1918 1958 adicca

109 1974 165 2002 nt,
187 1973 214 1997 in
234 1971 332 2005 quibus
351 1971 382 1996 in
400 1972 522 2004 maraine
542 1970 605 1996 add.
626 1970 712 1996 bouid
731 1971 796 2002 icta,
815 1969 957 1996 Voadicca
977 1980 1001 2002 a,
1022 1969 1155 1995 Voaduoa
1175 1972 1190 1994 b
1264 1968 1379 2003 femina]
1399 1967 1520 1994 foemina
1539 1977 1555 1993 a
1627 1968 1729 2002 neque]
1748 1976 1798 1993 nec
1817 1970 1832 1992 b

110 2010 142 2033 14
161 2006 297 2041 imperiis]
317 2006 431 2040 inperiis
450 2009 475 2031 Η
549 2009 580 2032 15
600 2005 731 2040 ingeniis]
751 2014 800 2032 om.
816 2008 853 2031 ab
928 2009 959 2031 16
980 2007 1007 2031 et
1026 2005 1154 2040 victoria]
1179 2006 1209 2031 z‘n
1228 2007 1252 2030 Η
1271 2006 1375 2032 litterae
1395 2004 1417 2029 ὣ
1435 2013 1465 2029 111
1486 2006 1512 2030 in
1535 2013 1588 2030 ras.
1660 2003 1831 2038 provinciae]
1856 2013 1917 2037 pru-

108 2043 214 2069 uintiae
229 2052 245 2068 a
302 2045 332 2068 17
349 2041 500 2076 Brittania]
515 2041 669 2067 brittannia
688 2044 735 2074 tr,
754 2041 898 2067 Britannia
919 2044 957 2066 ab
1013 2041 1124 2075 proelii]
1139 2040 1239 2074 praelii
1259 2043 1295 2066 ab
1350 2039 1517 2074 patientiae]
1537 2039 1694 2073 pacientiae
1713 2041 1738 2064 Η
1759 2048 1790 2065 m.
1802 2048 1845 2072 pr.

110 2081 141 2104 18
160 2078 313 2112 plerisque]
332 2077 459 2111 plerique
477 2080 493 2102 b
565 2077 706 2112 proprius]
726 2077 840 2111 propius
860 2080 915 2102 abt
996 2086 1029 2102 ne
1049 2084 1218 2110 quamquam
1234 2077 1385 2103 Walehius:
1411 2083 1587 2108 nequaquam
1611 2077 1711 2106 Habt,
1741 2076 1770 2100 ιή
1789 2077 1835 2100 Hs.
1855 2075 1917 2101 add.

107 2123 141 2141 m.
157 2122 205 2140 sec*
223 2115 251 2139 ἰη
272 2114 394 2148 ›nctrqine
412 2116 504 2146 nequa
578 2115 609 2138 19
629 2112 769 2147 egregius]
790 2113 936 2146 aegregius
956 2115 980 2138 11
1058 2112 1161 2146 cetera]
1182 2113 1291 2138 coetera
1311 2121 1334 2143 a,
1356 2112 1448 2145 cetera
1467 2113 1482 2136 b
1557 2110 1736 2145 adroganter]
1757 2112 1919 2144 anoganter

109 2152 146 2175 ab
201 2149 336 2182 cuiusque
360 2149 484 2175 Wexius:
505 2148 619 2181 eiusque
637 2151 723 2174 Habt
778 2148 884 2183 durius]
908 2149 936 2174 in
955 2151 979 2173 Η
999 2148 1062 2174 add.
1080 2157 1112 2174 m.
1128 2156 1175 2174 see.
1191 2148 1221 2173 in
1240 2149 1363 2182 orzarglz'ne
1383 2146 1484 2172 dubius
1558 2148 1591 2172 20
1610 2146 1706 2180 novus]
1728 2146 1807 2172 nouis
1826 2149 1841 2171 b

109 2186 207 2220 eoque]
228 2194 254 2218 q.
273 2187 306 2217 Η,
326 2193 358 2210 m.
375 2193 423 2211 see.
438 2193 523 2218 supra
544 2193 606 2210 vsm.
622 2185 684 2211 add.
701 2193 732 2210 eo
823 2184 1023 2219 paenitentiae]
1044 2183 1233 2217 poenitentiae
1253 2193 1269 2209 a
1360 2186 1392 2208 21
1414 2182 1510 2217 ausus]
1531 2181 1606 2208 ausis
1626 2184 1642 2207 b
1734 2181 1918 2216 provinciam]

108 2221 279 2256 prouintiam
298 2223 344 2246 Hs.
430 2223 462 2246 22
483 2220 609 2254 curandi]
630 2221 734 2246 litterae
753 2229 786 2245 cu
808 2221 836 2245 in
855 2222 880 2245 Β
899 2220 926 2245 in
949 2228 1001 2245 ras.
1074 2219 1258 2255 provinciam]
1278 2218 1448 2253 prouintiam
1468 2221 1514 2243 Ha.
1596 2220 1629 2243 24
1649 2217 1786 2251 segnitiae
1806 2226 1917 2243 excusa-

109 2257 224 2291 tionem]
240 2256 338 2295 seuitie
359 2255 564 2282 accusationem
582 2258 597 2280 b
672 2258 704 2281 ‘25
724 2256 793 2291 otio]
809 2255 869 2281 ocio
889 2258 904 2281 b
960 2255 1111 2289 lasciviret]
1131 2254 1280 2281 lasciueret
1299 2264 1314 2280 a
1370 2253 1430 2289 sed]
1446 2262 1495 2280 om.
1512 2256 1562 2285 ab,
1584 2255 1613 2279 in
1632 2255 1656 2278 Η
1676 2254 1725 2279 del.
1743 2263 1774 2279 m.
1790 2263 1837 2279 sec.

109 2292 275 2333 Trebellius]
300 2291 438 2318 tnbcllius
462 2294 487 2317 Η
510 2300 535 2317 m
558 2300 600 2325 pr.
691 2291 849 2326 indecorus]
877 2291 1014 2317 indecoris
1039 2293 1106 2316 abt:
1135 2299 1198 2317 nam
1219 2292 1248 2317 in
1271 2293 1295 2316 H
1316 2294 1344 2316 ιιι
1363 2291 1472 2323 saepius
1490 2291 1622 2323 seriptum
1641 2293 1677 2315 est
1697 2289 1829 2326 indecori]

110 2331 142 2354 26
161 2327 300 2363 precario]
319 2327 462 2361 praecario
483 2329 527 2352 Hb
592 2327 726 2362 praefuit]
746 2327 876 2361 praebuit
894 2329 918 2352 Η
939 2336 971 2353 m.
982 2335 1036 2360 pta,
1056 2326 1110 2352 fuit
1128 2328 1144 2351 b
1209 2335 1242 2352 ac
1257 2325 1332 2352 velut
1347 2327 1429 2359 pacta
1445 2325 1581 2351 exercitus
1596 2324 1718 2356 licentia,
1735 2325 1813 2350 ducis
1829 2324 1917 2350 salute

109 2364 218 2397 scripsi:
239 2371 272 2389 ac
290 2363 369 2389 uelut
387 2363 462 2389 facta
482 2362 618 2388 exercitus
638 2362 752 2389 licentia
772 2362 850 2388 ducis
871 2363 961 2388 salute
980 2365 1013 2394 Η,
1032 2362 1078 2388 secl
1098 2371 1130 2388 m.
1145 2370 1192 2388 sec.
1214 2363 1264 2389 del.
1285 2361 1360 2387 facta
1384 2360 1520 2387 exercitus
1544 2360 1659 2386 licentia
1683 2360 1761 2386 ducis
1786 2360 1876 2386 salute
1896 2363 1918 2386 e!

111 2401 140 2425 ιή
160 2400 282 2434 margine
300 2399 429 2431 inferiore
448 2398 511 2424 aclcl.
526 2398 603 2431 pacti
623 2398 759 2425 exercitus
778 2398 893 2424 licentia
913 2398 967 2424 dux
988 2397 1120 2428 salutem;
1140 2402 1152 2422 t
1170 2406 1219 2424 οηι,
1236 2398 1315 2424 verba
1332 2400 1393 2430 post
1412 2396 1536 2430 praefuit
1555 2400 1579 2422 et
1600 2397 1628 2422 ιή
1647 2397 1770 2430 margunc
1790 2404 1821 2421 ac
1841 2395 1919 2421 uelut

110 2434 187 2469 pacti
206 2434 342 2460 exercitus
361 2433 504 2459 licentiam
523 2434 579 2459 dux
599 2433 716 2460 salutem
736 2434 808 2466 add„
828 2441 861 2459 ac
880 2434 958 2459 uelut
978 2433 1053 2467 pacti
1074 2432 1210 2459 exercitus
1229 2433 1344 2459 licentia
1364 2432 1419 2457 dux
1439 2432 1528 2458 salute
1548 2434 1576 2463 b,
1598 2440 1630 2457 ac
1649 2431 1727 2457 uelut
1747 2431 1823 2465 pacti
1843 2439 1917 2456 exer-

110 2470 182 2496 citus
201 2470 315 2496 licentia
335 2469 391 2495 dux
410 2469 500 2495 salute
520 2479 548 2501 a,
567 2469 613 2496 secl
631 2471 659 2495 in
680 2470 803 2504 margine
822 2470 885 2496 add.
906 2469 945 2495 A}
964 2469 1039 2495 facta
1060 2469 1196 2494 exercitus
1215 2468 1310 2494 licetia
1331 2467 1408 2494 ducis
1433 2467 1524 2493 salute
1621 2475 1654 2492 ea
1673 2467 1869 2493 Doederlinus:
1895 2466 1916 2491 ἃ

109 2508 196 2531 Habt
267 2508 300 2531 27
320 2505 443 2540 Vettius]
462 2505 571 2531 uectius
591 2507 646 2530 abt
718 2505 851 2539 Bolanus]
871 2505 988 2531 nolanus
1008 2507 1071 2530 Hat
1144 2504 1323 2539 Brittaniam]
1343 2503 1525 2530 brittanniam
1545 2506 1591 2535 t?‚
1617 2502 1789 2528 Britanniam
1809 2504 1845 2527 ab

110 2544 144 2568 28
163 2541 271 2576 eadem]
287 2543 315 2567 et
329 2541 426 2567 eadem
440 2543 456 2566 b
520 2540 632 2575 inertia]
647 2540 676 2566 in
691 2541 781 2567 hertia
796 2545 808 2566 t
875 2541 980 2574 hostes]
996 2540 1084 2566 hostis
1098 2543 1114 2565 b
1179 2540 1312 2575 Bolanus]
1327 2539 1444 2565 nolanus
1458 2541 1523 2565 Eat
1596 2541 1629 2564 30
1649 2539 1752 2570 cetero]
1768 2539 1876 2563 coetero
1892 2547 1916 2569 0.,

110 2578 201 2612 cetero
220 2579 236 2602 b
290 2576 471 2611 Brittaniam]
485 2576 668 2602 brittanniam
683 2579 708 2602 Π
721 2586 754 2603 m.
769 2585 818 2603 sec.
835 2580 882 2603 t?.
902 2574 1075 2602 Britanniam
1091 2578 1128 2601 ab
1184 2579 1215 2601 31
1232 2575 1369 2610 minutae]
1384 2574 1491 2600 minuta
1511 2577 1535 2600 Η
1557 2584 1587 2600 m.
1603 2583 1650 2601 sec.
1668 2576 1729 2599 abt.
1787 2573 1916 2608 Petilius]

111 2612 237 2639 Petillius
257 2618 269 2638 t
341 2611 467 2647 Cerialis]
487 2612 620 2638 caerealis
639 2614 718 2645 Eat,
737 2612 851 2638 cerealis
871 2614 886 2639 b
967 2612 1141 2646 Brigantum]
1162 2612 1328 2646 bregantum
1347 2613 1393 2637 Ha
1408 2620 1441 2637 ea:
1454 2619 1521 2638 corr.
1537 2613 1579 2643 bt,
1600 2609 1780 2644 Bregantium
1795 2619 1811 2634 a
1827 2618 1859 2636 m.
1871 2618 1916 2644 pr.
